2084 3517
222 258 303 315 32
742 265 918 311 cA'ro
961 263 1192 322 nuos,
1221 263 1345 310 ssu

315 411 545 489 Magnae
586 410 793 468 Matris
834 411 1106 486 acceptis.
1199 408 1490 487 Epulabar
1532 409 1709 486 igitur
1749 426 1900 467 eum

316 508 607 571 sodalibus
626 507 865 563 omnino
890 507 1143 577 modi0e3
1175 506 1276 563 sed
1305 516 1428 564 erat
1447 506 1677 581 quidam
1700 504 1901 562 fervor

318 604 532 661 aetatis:
600 602 713 677 qua
762 603 1184 679 progrediente,
1241 602 1436 659 omnia
1487 602 1632 659 fiunt
1697 601 1899 658 indies

316 700 579 759 mitiora:
641 718 827 774 neque
866 699 1021 757 enim
1063 699 1314 774 ipsorum
1355 698 1748 755 conviviorum
1793 698 1900 753 de-

256 805 289 853 5
316 795 681 853 lectationem
722 794 1106 870 voluptatibus
1147 794 1404 869 eorporis
1457 794 1660 869 magiS,
1714 812 1896 867 quam

318 901 469 949 ooetu
500 891 815 949 amicorum
840 901 899 948 et
936 890 1315 961 sermonibuS,
1346 889 1640 947 metiebar.
1681 940 1686 946 .
1725 889 1896 946 Bene

316 987 473 1045 enim
540 988 783 1063 majores
846 986 1027 1045 nostri
1097 986 1522 1044 accubitionem
1591 985 1892 1061 epularem

318 1083 654 1155 amicorum,
708 1083 843 1158 quia
892 1082 1021 1139 vitae
1087 1082 1557 1158 conjunctionem
1627 1082 1890 1152 haberet,

318 1179 629 1235 convivium
666 1178 1056 1249 nominarunt,
1083 1178 1308 1249 melius,
1337 1197 1508 1252 quam
1547 1177 1760 1248 Graeci,
1789 1176 1892 1252 qui

228 1286 291 1335 10
318 1274 433 1331 hoo
478 1274 630 1332 idem
676 1284 797 1331 tum
844 1276 1310 1349 computationem,
1355 1284 1478 1331 tum
1525 1274 1892 1331 concoenatio-

316 1390 455 1443 nem,
502 1380 741 1441 vooant3
784 1380 867 1442 ut,
909 1371 1064 1445 quod
1101 1370 1162 1428 in
1203 1389 1276 1427 eo
1322 1388 1536 1447 genere
1581 1370 1888 1427 minimum

318 1477 424 1540 est,
454 1466 511 1525 id
540 1466 785 1525 maxime
809 1468 1052 1543 probare
1079 1467 1396 1528 videantur.

398 1662 563 1720 XIV.
645 1662 775 1739 Ego
820 1681 975 1734 vero,
1026 1673 1258 1737 propter
1311 1660 1594 1721 sermonis
1639 1660 1889 1718 delecta-

311 1758 557 1828 tionem,
598 1758 949 1833 tempestivis
998 1776 1220 1833 quoque
1273 1758 1554 1815 eonviviis
1607 1758 1884 1828 delector,

230 1866 293 1914 15
323 1870 433 1909 neo
460 1871 593 1911 eum
620 1853 931 1929 {equalibus
968 1854 1154 1911 solum
1197 1853 1324 1930 (qui
1361 1854 1536 1929 pauoi
1579 1853 1885 1911 admodum

322 1949 587 2029 restant),
641 1950 742 2005 sed
808 1968 941 2007 oum
992 1950 1182 2007 vestra
1233 1950 1408 2008 etiam
1473 1959 1660 2021 aetate,
1719 1959 1886 2024 atque

320 2044 650 2102 vobiscum:
694 2045 989 2121 habeoque
1014 2046 1300 2105 senectuti
1329 2064 1596 2121 magnam
1623 2044 1885 2121 gratiam,

322 2158 446 2214 quae
486 2141 627 2197 mihi
668 2142 947 2199 sermonis
990 2142 1316 2199 aviditatem
1347 2142 1522 2214 auxit,
1550 2140 1800 2216 potionis
1827 2150 1887 2197 et

322 2234 439 2291 eibi
480 2236 723 2292 sustulit.
804 2236 985 2298 Quod
1032 2237 1083 2294 si
1122 2256 1294 2312 quem
1333 2238 1508 2295 etiam
1550 2238 1660 2294 ista
1699 2237 1888 2293 deleo-

226 2334 290 2384 20
320 2340 464 2401 tant,
496 2329 599 2406 (ne
634 2331 871 2388 omnino
911 2331 1121 2390 bellum
1165 2333 1440 2390 indixisse
1467 2333 1658 2390 videar
1699 2333 1888 2408 volup-

320 2426 444 2496 tati,
488 2426 651 2500 oujus
690 2438 777 2483 est
818 2427 991 2484 etiam
1032 2428 1272 2485 fortasse
1325 2428 1557 2502 quidam
1611 2428 1886 2485 naturalis

318 2522 552 2601 modus)
594 2540 712 2579 non
753 2522 1032 2599 intelligo,
1075 2543 1150 2581 ne
1185 2524 1246 2581 in
1288 2524 1411 2581 istis
1437 2524 1668 2598 quidem
1695 2524 1888 2599 volup-

320 2618 532 2675 tatibus
552 2617 709 2693 ipsis,
740 2637 935 2676 carere
962 2638 1134 2679 sensu
1167 2630 1541 2679 senectutem.
1623 2618 1727 2675 Me
1755 2639 1887 2680 vero

314 2723 379 2772 et
407 2714 733 2791 magisteria
758 2714 1066 2788 delectant,
1100 2736 1133 2775 a
1159 2716 1468 2792 majoribus
1499 2716 1761 2776 instituta
1777 2738 1790 2787 3
1829 2727 1886 2774 et

221 2812 291 2863 25
322 2808 371 2866 is
410 2828 616 2883 sermo,
658 2811 776 2886 qui,
806 2830 965 2869 more
1000 2813 1305 2888 majorum,
1337 2832 1372 2871 a
1403 2830 1628 2871 summo
1657 2813 1884 2871 adhibe-

320 2914 411 2963 tur
448 2906 513 2963 in
546 2907 807 2981 poculis3
850 2916 908 2965 et
946 2909 1177 2984 poeula,
1207 2908 1358 2968 siout
1385 2910 1446 2967 in
1469 2916 1507 2943 “
1527 2908 1828 2986 Symposio
1845 2910 1878 2937 ”

232 3026 238 3033 -
318 2999 745 3078 Xenophontis,
784 3004 1026 3078 minuta,
1073 3016 1240 3083 atque
1291 3006 1576 3079 τοι-Μῆτις
1617 3015 1679 3063 et
1730 3004 1882 3063 refri-
