2084 3517
281 253 364 314 42
862 263 1038 310 cA‘ro
1076 261 1307 318 masos,
1337 260 1462 307 ssu

455 409 604 468 Haec
631 410 784 468 enim
813 410 938 485 ipsa
963 419 1097 467 sunt
1126 408 1502 479 honorabilia,
1520 425 1647 482 quae
1673 405 1948 464 videntur

373 507 524 566 levia
565 516 732 581 atque
773 507 1121 578 communia,
1164 505 1417 576 salutari,
1461 503 1669 579 appeti,
1712 502 1945 573 decedi,

377 603 615 680 assurgi,
662 603 892 676 deduci,
937 603 1159 674 reduci,
1210 601 1468 660 consuli:
1515 619 1640 674 quoe
1684 610 1742 657 et
1792 600 1947 674 apud

372 719 498 772 noS,
527 709 585 756 et
613 699 672 756 in
703 700 828 757 aliis
857 699 1203 770 civitatibus,
1233 709 1295 756 ut
1322 715 1556 774 quaeque
1584 697 1799 772 optime
1828 715 1948 754 mo-

310 803 346 852 5
373 806 514 868 rata,
545 796 626 853 ita
651 796 1087 872 diligentissime
1109 796 1497 852 observantur.
1574 793 1944 868 Lysandrum

372 892 876 951 Lacedaemonium
923 891 1115 969 (cujus
1167 892 1341 948 modo
1393 890 1745 948 mentionem
1792 889 1939 968 feci)

372 988 568 1055 dicere
598 989 756 1046 aiunt
783 987 1030 1060 solitum,
1061 988 1478 1044 Lacedaemone
1507 1004 1633 1043 esse
1660 985 1944 1044 honestis-

371 1085 582 1143 simum
629 1085 985 1142 domicilium
1041 1084 1388 1141 senectutis:
1447 1101 1729 1157 nusquam
1782 1083 1943 1139 enim

369 1189 592 1237 tanturn
645 1179 912 1236 tribuitur
968 1179 1140 1249 aetati,
1196 1197 1477 1254 nusquam
1530 1187 1616 1234 est
1670 1187 1942 1234 senectus

281 1279 343 1330 10
371 1275 718 1333 honoratior.
798 1275 1139 1336 Quinetiam
1168 1274 1459 1331 memorias
1499 1274 1787 1350 proditum
1831 1283 1939 1346 est,

371 1389 504 1429 cum
533 1371 799 1444 Athenis,
828 1371 998 1444 ludis,
1027 1371 1261 1446 quidam
1289 1371 1349 1427 in
1389 1371 1675 1428 theatrum
1703 1371 1941 1447 grandis

369 1479 509 1527 natu
563 1469 828 1541 venisset,
872 1469 930 1526 in
984 1487 1195 1544 magno
1246 1485 1521 1524 consessu
1563 1466 1758 1524 locum
1802 1465 1859 1524 ei
1906 1486 1939 1524 a

371 1566 489 1622 suis
543 1566 762 1623 civibus
809 1584 1090 1639 nusquam
1144 1563 1374 1621 datum:
1438 1582 1573 1621 cum
1629 1573 1818 1620 autem
1865 1563 1937 1620 ad

371 1661 838 1718 Lacedaemonios
881 1661 1235 1730 accessisset,
1280 1659 1425 1736 (qui,
1466 1659 1643 1736 legati
1674 1678 1811 1717 oum
1854 1678 1940 1716 es-

280 1759 342 1808 15
373 1765 518 1825 sent,
569 1755 627 1812 in
671 1755 804 1812 loco
847 1764 1005 1812 certo
1060 1754 1467 1834 consederant)
1512 1755 1937 1813 consurrexisse

371 1867 590 1922 omnes,
619 1861 678 1908 et
705 1869 899 1907 senem
941 1850 1101 1908 illum
1142 1869 1359 1908 sessum
1396 1851 1706 1930 recepisse.
1786 1851 1937 1914 Qui-

372 1948 481 2006 bus
508 1965 640 2004 cum
671 1967 705 2005 a
731 1957 944 2005 cuncto
975 1967 1247 2005 consessu
1286 1947 1521 2024 plausus
1560 1959 1711 2006 esset
1752 1948 1939 2006 multi-

369 2043 504 2120 plex
530 2044 714 2116 datuS,
745 2043 957 2101 dixisse
985 2063 1057 2100 ex
1096 2043 1167 2100 iis
1194 2042 1517 2118 quemdam,
1548 2044 1938 2102 Athenienses

371 2140 540 2211 scire,
569 2160 694 2215 quae
720 2150 881 2197 recta
908 2149 1117 2211 essent,
1148 2139 1247 2196 sed
1278 2139 1467 2196 facere
1495 2138 1665 2197 nolle.
1749 2138 1939 2198 Multa

275 2237 341 2288 20
374 2235 434 2292 in
461 2245 659 2291 nostro
713 2234 958 2310 collegio
1010 2233 1315 2310 prae‘clara:
1384 2233 1485 2290 sed
1534 2235 1665 2306 hoc,
1706 2234 1779 2291 de
1814 2255 1938 2310 ‚quo

373 2330 612 2405 agimus,
636 2327 696 2384 in
723 2327 940 2402 primiS,
971 2329 1143 2402 quod,
1174 2339 1237 2386 ut
1263 2329 1501 2404 quisque
1519 2339 1685 2387 aetate
1708 2341 1938 2388 antece-

369 2424 473 2494 dit,
505 2423 585 2480 ita
621 2423 921 2480 sententiae
959 2417 1346 2499 principatum
1387 2435 1577 2482 tenet:
1620 2445 1809 2499 neque
1850 2448 1939 2486 so-

368 2518 487 2575 lum
534 2518 750 2575 honore
795 2519 1287 2592 antecedentibus,
1331 2520 1433 2577 sed
1481 2519 1551 2577 iis
1604 2521 1780 2578 etiam
1832 2525 1936 2598 qui

367 2633 502 2673 cum
531 2613 769 2691 imperio
786 2624 948 2686 sunt,
978 2615 1220 2690 majores
1247 2627 1386 2674 natu
1416 2633 1662 2693 augures
1692 2627 1929 2695 antepo-

273 2725 338 2776 25
367 2721 599 2770 nuntur.
678 2710 832 2773 Quae
887 2720 1019 2769 sunt
1075 2711 1248 2788 igitur
1301 2711 1619 2789 voluptates
1674 2717 1933 2790 corporis

367 2827 503 2868 cum
533 2808 888 2868 auctoritatis
925 2808 1177 2884 praemiis
1220 2811 1669 2885 comparandas?
1726 2813 1933 2886 quibus

366 2905 466 2980 qui
493 2904 791 2982 splendide
809 2906 908 2966 -usi
933 2915 1091 2980 sunt,
1120 2905 1161 2964 ii
1189 2906 1331 2965 mihi
1372 2906 1636 2966 videntur
1678 2907 1928 2968 fabulam
