<?xml version="1.0" encoding="UTF-8"?>
<!DOCTYPE html PUBLIC "-//W3C//DTD XHTML 1.0 Transitional//EN"
    "http://www.w3.org/TR/xhtml1/DTD/xhtml1-transitional.dtd">
<html xmlns="http://www.w3.org/1999/xhtml" xml:lang="en" lang="en">
 <head>
  <title>
</title>
<meta http-equiv="Content-Type" content="text/html;charset=utf-8" />
  <meta name='ocr-system' content='tesseract 3.04.00' />
  <meta name='ocr-capabilities' content='ocr_page ocr_carea ocr_par ocr_line ocrx_word'/>
</head>
<body>
  <div class='ocr_page' id='page_1' title='image "./desenectuteetde00dillgoog_0086.png"; bbox 0 0 2084 3517; ppageno 0'>
   <div class='ocr_carea' id='block_1_1' title="bbox 425 294 1762 363">
    <p class='ocr_par' dir='ltr' id='par_1_1' title="bbox 425 294 1762 363">
     <span class='ocr_line' id='line_1_1' title="bbox 425 294 1762 363; baseline 0.003 -12"><span class='ocrx_word' id='word_1_1' title='bbox 425 300 697 363; x_wconf 66' lang='lat' dir='ltr'><strong>mune,</strong></span> <span class='ocrx_word' id='word_1_2' title='bbox 737 303 885 351; x_wconf 70' lang='lat' dir='ltr'><strong>swa</strong></span> <span class='ocrx_word' id='word_1_3' title='bbox 929 304 1017 351; x_wconf 75' lang='lat' dir='ltr'><strong>ns</strong></span> <span class='ocrx_word' id='word_1_4' title='bbox 1046 302 1360 351; x_wconf 57' lang='lat' dir='ltr'><strong>Alincum.</strong></span> <span class='ocrx_word' id='word_1_5' title='bbox 1683 294 1762 355; x_wconf 85' lang='grc'><strong>81</strong></span> 
     </span>
    </p>
   </div>
   <div class='ocr_carea' id='block_1_2' title="bbox 76 450 1770 3114">
    <p class='ocr_par' dir='ltr' id='par_1_2' title="bbox 76 450 1734 905">
     <span class='ocr_line' id='line_1_2' title="bbox 76 450 1678 529; baseline 0 -20"><span class='ocrx_word' id='word_1_6' title='bbox 76 452 319 511; x_wconf 82' lang='lat' dir='ltr'><strong>virtute</strong></span> <span class='ocrx_word' id='word_1_7' title='bbox 364 452 622 527; x_wconf 69' lang='lat' dir='ltr'><strong>praedito,</strong></span> <span class='ocrx_word' id='word_1_8' title='bbox 666 471 759 525; x_wconf 86' lang='lat' dir='ltr'><strong>eo,</strong></span> <span class='ocrx_word' id='word_1_9' title='bbox 801 452 899 528; x_wconf 86' lang='lat' dir='ltr'><strong>qui</strong></span> <span class='ocrx_word' id='word_1_10' title='bbox 938 452 1025 509; x_wconf 79' lang='lat' dir='ltr'><strong>vel</strong></span> <span class='ocrx_word' id='word_1_11' title='bbox 1074 472 1283 525; x_wconf 88' lang='lat' dir='ltr'><strong>amare,</strong></span> <span class='ocrx_word' id='word_1_12' title='bbox 1327 451 1416 510; x_wconf 83' lang='lat' dir='ltr'><strong>vel</strong></span> <span class='ocrx_word' id='word_1_13' title='bbox 1467 450 1558 529; x_wconf 87' lang='lat' dir='ltr'><strong>(ut</strong></span> <span class='ocrx_word' id='word_1_14' title='bbox 1597 451 1678 510; x_wconf 89' lang='lat' dir='ltr'><strong>ita</strong></span> 
     </span>
     <span class='ocr_line' id='line_1_3' title="bbox 78 548 1677 628; baseline 0 -23"><span class='ocrx_word' id='word_1_15' title='bbox 78 550 331 628; x_wconf 77' lang='lat' dir='ltr'><strong>dicam)</strong></span> <span class='ocrx_word' id='word_1_16' title='bbox 361 550 655 607; x_wconf 86' lang='lat' dir='ltr'><strong>redamare</strong></span> <span class='ocrx_word' id='word_1_17' title='bbox 699 549 899 626; x_wconf 87' lang='lat' dir='ltr'><strong>possit,</strong></span> <span class='ocrx_word' id='word_1_18' title='bbox 939 567 1058 606; x_wconf 90' lang='lat' dir='ltr'><strong>non</strong></span> <span class='ocrx_word' id='word_1_19' title='bbox 1099 550 1404 607; x_wconf 75' lang='lat' dir='ltr'><strong>admodum</strong></span> <span class='ocrx_word' id='word_1_20' title='bbox 1431 548 1677 606; x_wconf 81' lang='lat' dir='ltr'><strong>delecta-</strong></span> 
     </span>
     <span class='ocr_line' id='line_1_4' title="bbox 77 644 1670 718; baseline 0.001 -17"><span class='ocrx_word' id='word_1_21' title='bbox 77 645 132 701; x_wconf 87' lang='lat' dir='ltr'><strong>ri</strong></span> <span class='ocrx_word' id='word_1_22' title='bbox 151 648 180 702; x_wconf 67' lang='grc' dir='ltr'><strong>’ξ</strong></span> <span class='ocrx_word' id='word_1_23' title='bbox 272 644 442 701; x_wconf 88' lang='lat' dir='ltr'><strong>Nihil</strong></span> <span class='ocrx_word' id='word_1_24' title='bbox 464 655 552 702; x_wconf 87' lang='lat' dir='ltr'><strong>est</strong></span> <span class='ocrx_word' id='word_1_25' title='bbox 579 646 734 703; x_wconf 86' lang='lat' dir='ltr'><strong>enim</strong></span> <span class='ocrx_word' id='word_1_26' title='bbox 757 646 1218 703; x_wconf 78' lang='lat' dir='ltr'><strong>remuneratione</strong></span> <span class='ocrx_word' id='word_1_27' title='bbox 1240 645 1670 718; x_wconf 67' lang='lat' dir='ltr'><strong>benevolentiae,</strong></span> 
     </span>
     <span class='ocr_line' id='line_1_5' title="bbox 76 741 1673 818; baseline 0.001 -21"><span class='ocrx_word' id='word_1_28' title='bbox 76 742 243 797; x_wconf 84' lang='lat' dir='ltr'><strong>nihil</strong></span> <span class='ocrx_word' id='word_1_29' title='bbox 290 741 688 799; x_wconf 77' lang='lat' dir='ltr'><strong>vicissitudine</strong></span> <span class='ocrx_word' id='word_1_30' title='bbox 731 742 1052 799; x_wconf 84' lang='lat' dir='ltr'><strong>studiorum</strong></span> <span class='ocrx_word' id='word_1_31' title='bbox 1101 741 1548 817; x_wconf 78' lang='lat' dir='ltr'><strong>officiorumque,</strong></span> <span class='ocrx_word' id='word_1_32' title='bbox 1585 742 1673 818; x_wconf 88' lang='lat' dir='ltr'><strong>ju-</strong></span> 
     </span>
     <span class='ocr_line' id='line_1_6' title="bbox 80 838 1734 905; baseline -0.001 -11"><span class='ocrx_word' id='word_1_33' title='bbox 80 838 371 895; x_wconf 79' lang='lat' dir='ltr'><strong>cundius,</strong></span> <span class='ocrx_word' id='word_1_34' title='bbox 1701 857 1734 905; x_wconf 89' lang='lat'>5</span> 
     </span>
    </p>

    <p class='ocr_par' dir='ltr' id='par_1_3' title="bbox 78 933 1763 2443">
     <span class='ocr_line' id='line_1_7' title="bbox 168 933 1666 1008; baseline 0.001 -19"><span class='ocrx_word' id='word_1_35' title='bbox 168 933 365 995; x_wconf 76' lang='lat' dir='ltr'><strong>Quod</strong></span> <span class='ocrx_word' id='word_1_36' title='bbox 396 933 444 989; x_wconf 87' lang='lat' dir='ltr'><strong>si</strong></span> <span class='ocrx_word' id='word_1_37' title='bbox 473 933 645 991; x_wconf 87' lang='lat' dir='ltr'><strong>etiam</strong></span> <span class='ocrx_word' id='word_1_38' title='bbox 673 933 813 990; x_wconf 87' lang='lat' dir='ltr'><strong>illud</strong></span> <span class='ocrx_word' id='word_1_39' title='bbox 844 933 1125 1005; x_wconf 71' lang='lat' dir='ltr'><strong>addimuS,</strong></span> <span class='ocrx_word' id='word_1_40' title='bbox 1167 934 1321 1008; x_wconf 90' lang='lat' dir='ltr'><strong>quod</strong></span> <span class='ocrx_word' id='word_1_41' title='bbox 1349 944 1504 991; x_wconf 82' lang='lat' dir='ltr'><strong>reete</strong></span> <span class='ocrx_word' id='word_1_42' title='bbox 1534 934 1666 991; x_wconf 88' lang='lat' dir='ltr'><strong>addi</strong></span> 
     </span>
     <span class='ocr_line' id='line_1_8' title="bbox 78 1028 1670 1105; baseline 0 -20"><span class='ocrx_word' id='word_1_43' title='bbox 78 1038 314 1103; x_wconf 88' lang='lat' dir='ltr'><strong>potest,</strong></span> <span class='ocrx_word' id='word_1_44' title='bbox 341 1028 487 1085; x_wconf 86' lang='lat' dir='ltr'><strong>nihil</strong></span> <span class='ocrx_word' id='word_1_45' title='bbox 518 1048 661 1099; x_wconf 88' lang='lat' dir='ltr'><strong>esse,</strong></span> <span class='ocrx_word' id='word_1_46' title='bbox 684 1030 835 1105; x_wconf 90' lang='lat' dir='ltr'><strong>quod</strong></span> <span class='ocrx_word' id='word_1_47' title='bbox 866 1029 937 1086; x_wconf 88' lang='lat' dir='ltr'><strong>ad</strong></span> <span class='ocrx_word' id='word_1_48' title='bbox 960 1048 1023 1085; x_wconf 86' lang='lat' dir='ltr'><strong>se</strong></span> <span class='ocrx_word' id='word_1_49' title='bbox 1052 1048 1174 1087; x_wconf 88' lang='lat' dir='ltr'><strong>rem</strong></span> <span class='ocrx_word' id='word_1_50' title='bbox 1203 1030 1378 1087; x_wconf 85' lang='lat' dir='ltr'><strong>ullam</strong></span> <span class='ocrx_word' id='word_1_51' title='bbox 1406 1040 1520 1087; x_wconf 89' lang='lat' dir='ltr'><strong>tam</strong></span> <span class='ocrx_word' id='word_1_52' title='bbox 1552 1029 1670 1086; x_wconf 86' lang='lat' dir='ltr'><strong>alli-</strong></span> 
     </span>
     <span class='ocr_line' id='line_1_9' title="bbox 82 1124 1671 1200; baseline 0.001 -19"><span class='ocrx_word' id='word_1_53' title='bbox 82 1125 216 1181; x_wconf 79' lang='lat' dir='ltr'><strong>ciat</strong></span> <span class='ocrx_word' id='word_1_54' title='bbox 246 1134 310 1181; x_wconf 88' lang='lat' dir='ltr'><strong>et</strong></span> <span class='ocrx_word' id='word_1_55' title='bbox 336 1134 455 1181; x_wconf 88' lang='lat' dir='ltr'><strong>tam</strong></span> <span class='ocrx_word' id='word_1_56' title='bbox 486 1125 749 1195; x_wconf 87' lang='lat' dir='ltr'><strong>attrahat,</strong></span> <span class='ocrx_word' id='word_1_57' title='bbox 776 1143 947 1200; x_wconf 90' lang='lat' dir='ltr'><strong>quam</strong></span> <span class='ocrx_word' id='word_1_58' title='bbox 968 1126 1037 1184; x_wconf 88' lang='lat' dir='ltr'><strong>ad</strong></span> <span class='ocrx_word' id='word_1_59' title='bbox 1070 1125 1381 1183; x_wconf 79' lang='lat' dir='ltr'><strong>amicitiam</strong></span> <span class='ocrx_word' id='word_1_60' title='bbox 1409 1124 1671 1183; x_wconf 87' lang='lat' dir='ltr'><strong>similitu-</strong></span> 
     </span>
     <span class='ocr_line' id='line_1_10' title="bbox 84 1220 1669 1295; baseline 0.003 -20"><span class='ocrx_word' id='word_1_61' title='bbox 84 1220 209 1290; x_wconf 89' lang='lat' dir='ltr'><strong>do;</strong></span> <span class='ocrx_word' id='word_1_62' title='bbox 258 1220 609 1277; x_wconf 76' lang='lat' dir='ltr'><strong>concedetur</strong></span> <span class='ocrx_word' id='word_1_63' title='bbox 648 1221 924 1295; x_wconf 78' lang='lat' dir='ltr'><strong>profecto,</strong></span> <span class='ocrx_word' id='word_1_64' title='bbox 968 1241 1163 1280; x_wconf 82' lang='lat' dir='ltr'><strong>verum</strong></span> <span class='ocrx_word' id='word_1_65' title='bbox 1189 1240 1335 1295; x_wconf 87' lang='lat' dir='ltr'><strong>esse,</strong></span> <span class='ocrx_word' id='word_1_66' title='bbox 1380 1231 1444 1279; x_wconf 89' lang='lat' dir='ltr'><strong>ut</strong></span> <span class='ocrx_word' id='word_1_67' title='bbox 1487 1222 1669 1279; x_wconf 84' lang='lat' dir='ltr'><strong>bonos</strong></span> 
     </span>
     <span class='ocr_line' id='line_1_11' title="bbox 84 1315 1763 1393; baseline 0.001 -21"><span class='ocrx_word' id='word_1_68' title='bbox 84 1316 237 1372; x_wconf 91' lang='lat' dir='ltr'><strong>boni</strong></span> <span class='ocrx_word' id='word_1_69' title='bbox 268 1316 535 1391; x_wconf 82' lang='lat' dir='ltr'><strong>diligant,</strong></span> <span class='ocrx_word' id='word_1_70' title='bbox 580 1315 1014 1391; x_wconf 79' lang='lat' dir='ltr'><strong>adsciscantque</strong></span> <span class='ocrx_word' id='word_1_71' title='bbox 1058 1318 1189 1389; x_wconf 63' lang='lat' dir='ltr'><strong>sibi2</strong></span> <span class='ocrx_word' id='word_1_72' title='bbox 1234 1318 1396 1393; x_wconf 87' lang='lat' dir='ltr'><strong>quasi</strong></span> <span class='ocrx_word' id='word_1_73' title='bbox 1439 1318 1669 1393; x_wconf 88' lang='lat' dir='ltr'><strong>propin·</strong></span> <span class='ocrx_word' id='word_1_74' title='bbox 1701 1335 1763 1384; x_wconf 86' lang='lat'><strong>10</strong></span> 
     </span>
     <span class='ocr_line' id='line_1_12' title="bbox 86 1411 1667 1486; baseline 0.001 -19"><span class='ocrx_word' id='word_1_75' title='bbox 86 1412 320 1485; x_wconf 81' lang='lat' dir='ltr'><strong>quitate</strong></span> <span class='ocrx_word' id='word_1_76' title='bbox 349 1411 692 1486; x_wconf 77' lang='lat' dir='ltr'><strong>conjunctos</strong></span> <span class='ocrx_word' id='word_1_77' title='bbox 714 1422 881 1486; x_wconf 86' lang='lat' dir='ltr'><strong>atque</strong></span> <span class='ocrx_word' id='word_1_78' title='bbox 907 1412 1132 1471; x_wconf 64' lang='lat' dir='ltr'><strong>natura.</strong></span> <span class='ocrx_word' id='word_1_79' title='bbox 1211 1412 1375 1469; x_wconf 90' lang='lat' dir='ltr'><strong>Nihil</strong></span> <span class='ocrx_word' id='word_1_80' title='bbox 1403 1422 1492 1469; x_wconf 87' lang='lat' dir='ltr'><strong>est</strong></span> <span class='ocrx_word' id='word_1_81' title='bbox 1511 1413 1667 1469; x_wconf 88' lang='lat' dir='ltr'><strong>enim</strong></span> 
     </span>
     <span class='ocr_line' id='line_1_13' title="bbox 89 1507 1668 1583; baseline 0 -20"><span class='ocrx_word' id='word_1_82' title='bbox 89 1507 465 1583; x_wconf 87' lang='lat' dir='ltr'><strong>appetentius</strong></span> <span class='ocrx_word' id='word_1_83' title='bbox 504 1507 775 1565; x_wconf 84' lang='lat' dir='ltr'><strong>similium</strong></span> <span class='ocrx_word' id='word_1_84' title='bbox 830 1508 939 1580; x_wconf 88' lang='lat' dir='ltr'><strong>sui,</strong></span> <span class='ocrx_word' id='word_1_85' title='bbox 987 1507 1132 1565; x_wconf 88' lang='lat' dir='ltr'><strong>nihil</strong></span> <span class='ocrx_word' id='word_1_86' title='bbox 1170 1507 1456 1582; x_wconf 78' lang='lat' dir='ltr'><strong>rapacius,</strong></span> <span class='ocrx_word' id='word_1_87' title='bbox 1498 1526 1668 1581; x_wconf 88' lang='lat' dir='ltr'><strong>quam</strong></span> 
     </span>
     <span class='ocr_line' id='line_1_14' title="bbox 87 1600 1668 1676; baseline -0.001 -17"><span class='ocrx_word' id='word_1_88' title='bbox 87 1612 325 1659; x_wconf 84' lang='lat' dir='ltr'><strong>natura.</strong></span> <span class='ocrx_word' id='word_1_89' title='bbox 432 1602 829 1663; x_wconf 77' lang='lat' dir='ltr'><strong>Quamobrem</strong></span> <span class='ocrx_word' id='word_1_90' title='bbox 896 1602 1009 1659; x_wconf 82' lang='lat' dir='ltr'><strong>hoe</strong></span> <span class='ocrx_word' id='word_1_91' title='bbox 1068 1602 1318 1676; x_wconf 88' lang='lat' dir='ltr'><strong>quidem,</strong></span> <span class='ocrx_word' id='word_1_92' title='bbox 1367 1600 1556 1659; x_wconf 88' lang='lat' dir='ltr'><strong>Fanni</strong></span> <span class='ocrx_word' id='word_1_93' title='bbox 1609 1610 1668 1658; x_wconf 89' lang='lat' dir='ltr'><strong>et</strong></span> 
     </span>
     <span class='ocr_line' id='line_1_15' title="bbox 90 1696 1668 1778; baseline 0.001 -25"><span class='ocrx_word' id='word_1_94' title='bbox 90 1698 383 1769; x_wconf 83' lang='lat' dir='ltr'><strong>Soaevola,</strong></span> <span class='ocrx_word' id='word_1_95' title='bbox 411 1708 657 1769; x_wconf 80' lang='lat' dir='ltr'><strong>constat,</strong></span> <span class='ocrx_word' id='word_1_96' title='bbox 691 1696 781 1775; x_wconf 89' lang='lat' dir='ltr'><strong>(ut</strong></span> <span class='ocrx_word' id='word_1_97' title='bbox 808 1698 1037 1778; x_wconf 88' lang='lat' dir='ltr'><strong>opinor)</strong></span> <span class='ocrx_word' id='word_1_98' title='bbox 1089 1698 1255 1755; x_wconf 90' lang='lat' dir='ltr'><strong>bonis</strong></span> <span class='ocrx_word' id='word_1_99' title='bbox 1296 1697 1444 1755; x_wconf 89' lang='lat' dir='ltr'><strong>inter</strong></span> <span class='ocrx_word' id='word_1_100' title='bbox 1484 1698 1668 1756; x_wconf 85' lang='lat' dir='ltr'><strong>bonos</strong></span> 
     </span>
     <span class='ocr_line' id='line_1_16' title="bbox 92 1792 1761 1868; baseline -0.001 -18"><span class='ocrx_word' id='word_1_101' title='bbox 92 1792 263 1867; x_wconf 86' lang='lat' dir='ltr'><strong>quasi</strong></span> <span class='ocrx_word' id='word_1_102' title='bbox 312 1793 696 1851; x_wconf 82' lang='lat' dir='ltr'><strong>neeessariam</strong></span> <span class='ocrx_word' id='word_1_103' title='bbox 747 1793 1200 1851; x_wconf 87' lang='lat' dir='ltr'><strong>benevolentiam</strong></span> <span class='ocrx_word' id='word_1_104' title='bbox 1227 1812 1391 1865; x_wconf 88' lang='lat' dir='ltr'><strong>esse3</strong></span> <span class='ocrx_word' id='word_1_105' title='bbox 1436 1794 1534 1868; x_wconf 90' lang='lat' dir='ltr'><strong>qui</strong></span> <span class='ocrx_word' id='word_1_106' title='bbox 1580 1803 1668 1852; x_wconf 89' lang='lat' dir='ltr'><strong>est</strong></span> <span class='ocrx_word' id='word_1_107' title='bbox 1699 1801 1761 1849; x_wconf 87' lang='lat'><strong>15</strong></span> 
     </span>
     <span class='ocr_line' id='line_1_17' title="bbox 95 1888 1668 1963; baseline 0.003 -18"><span class='ocrx_word' id='word_1_108' title='bbox 95 1888 373 1946; x_wconf 79' lang='lat' dir='ltr'><strong>amicitiae</strong></span> <span class='ocrx_word' id='word_1_109' title='bbox 403 1888 531 1945; x_wconf 89' lang='lat' dir='ltr'><strong>fons</strong></span> <span class='ocrx_word' id='word_1_110' title='bbox 561 1908 594 1947; x_wconf 87' lang='lat' dir='ltr'><strong>a</strong></span> <span class='ocrx_word' id='word_1_111' title='bbox 618 1888 825 1963; x_wconf 70' lang='lat' dir='ltr'><strong>natura</strong></span> <span class='ocrx_word' id='word_1_112' title='bbox 864 1890 1225 1947; x_wconf 80' lang='lat' dir='ltr'><strong>constitutus.</strong></span> <span class='ocrx_word' id='word_1_113' title='bbox 1309 1890 1427 1946; x_wconf 87' lang='lat' dir='ltr'><strong>Sed</strong></span> <span class='ocrx_word' id='word_1_114' title='bbox 1465 1889 1668 1949; x_wconf 86' lang='lat' dir='ltr'><strong>eadem</strong></span> 
     </span>
     <span class='ocr_line' id='line_1_18' title="bbox 94 1983 1668 2058; baseline -0.001 -17"><span class='ocrx_word' id='word_1_115' title='bbox 94 1985 335 2041; x_wconf 81' lang='lat' dir='ltr'><strong>bonitas</strong></span> <span class='ocrx_word' id='word_1_116' title='bbox 372 1985 547 2041; x_wconf 86' lang='lat' dir='ltr'><strong>etiam</strong></span> <span class='ocrx_word' id='word_1_117' title='bbox 596 1984 669 2041; x_wconf 88' lang='lat' dir='ltr'><strong>ad</strong></span> <span class='ocrx_word' id='word_1_118' title='bbox 712 1984 1137 2042; x_wconf 86' lang='lat' dir='ltr'><strong>multitudinem</strong></span> <span class='ocrx_word' id='word_1_119' title='bbox 1183 1984 1448 2058; x_wconf 86' lang='lat' dir='ltr'><strong>pertinet.</strong></span> <span class='ocrx_word' id='word_1_120' title='bbox 1529 1983 1668 2040; x_wconf 92' lang='lat' dir='ltr'><strong>Non</strong></span> 
     </span>
     <span class='ocr_line' id='line_1_19' title="bbox 94 2078 1671 2154; baseline 0 -19"><span class='ocrx_word' id='word_1_121' title='bbox 94 2090 187 2137; x_wconf 86' lang='lat' dir='ltr'><strong>est</strong></span> <span class='ocrx_word' id='word_1_122' title='bbox 214 2080 373 2137; x_wconf 90' lang='lat' dir='ltr'><strong>enim</strong></span> <span class='ocrx_word' id='word_1_123' title='bbox 401 2079 715 2137; x_wconf 86' lang='lat' dir='ltr'><strong>inhumana</strong></span> <span class='ocrx_word' id='word_1_124' title='bbox 741 2080 936 2150; x_wconf 52' lang='lat' dir='ltr'><strong>virtus„</strong></span> <span class='ocrx_word' id='word_1_125' title='bbox 963 2097 1150 2154; x_wconf 87' lang='lat' dir='ltr'><strong>neque</strong></span> <span class='ocrx_word' id='word_1_126' title='bbox 1172 2078 1456 2149; x_wconf 81' lang='lat' dir='ltr'><strong>immanis,</strong></span> <span class='ocrx_word' id='word_1_127' title='bbox 1483 2096 1671 2154; x_wconf 88' lang='lat' dir='ltr'><strong>neque</strong></span> 
     </span>
     <span class='ocr_line' id='line_1_20' title="bbox 96 2173 1666 2251; baseline 0 -20"><span class='ocrx_word' id='word_1_128' title='bbox 96 2176 387 2251; x_wconf 84' lang='lat' dir='ltr'><strong>superba3</strong></span> <span class='ocrx_word' id='word_1_129' title='bbox 447 2195 574 2250; x_wconf 81' lang='lat' dir='ltr'><strong>quae</strong></span> <span class='ocrx_word' id='word_1_130' title='bbox 625 2176 799 2233; x_wconf 87' lang='lat' dir='ltr'><strong>etiam</strong></span> <span class='ocrx_word' id='word_1_131' title='bbox 850 2174 1094 2251; x_wconf 88' lang='lat' dir='ltr'><strong>populos</strong></span> <span class='ocrx_word' id='word_1_132' title='bbox 1147 2174 1443 2231; x_wconf 84' lang='lat' dir='ltr'><strong>universos</strong></span> <span class='ocrx_word' id='word_1_133' title='bbox 1496 2173 1666 2246; x_wconf 89' lang='lat' dir='ltr'><strong>tueri,</strong></span> 
     </span>
     <span class='ocr_line' id='line_1_21' title="bbox 98 2270 1762 2345; baseline 0.001 -18"><span class='ocrx_word' id='word_1_134' title='bbox 98 2272 305 2345; x_wconf 87' lang='lat' dir='ltr'><strong>eisque</strong></span> <span class='ocrx_word' id='word_1_135' title='bbox 332 2271 546 2345; x_wconf 87' lang='lat' dir='ltr'><strong>optime</strong></span> <span class='ocrx_word' id='word_1_136' title='bbox 574 2272 897 2343; x_wconf 84' lang='lat' dir='ltr'><strong>consulere,</strong></span> <span class='ocrx_word' id='word_1_137' title='bbox 928 2271 1110 2328; x_wconf 84' lang='lat' dir='ltr'><strong>soleat</strong></span> <span class='ocrx_word' id='word_1_138' title='bbox 1134 2290 1148 2327; x_wconf 91' lang='lat'>:</span> <span class='ocrx_word' id='word_1_139' title='bbox 1190 2270 1344 2345; x_wconf 92' lang='lat' dir='ltr'><strong>quod</strong></span> <span class='ocrx_word' id='word_1_140' title='bbox 1371 2288 1488 2328; x_wconf 89' lang='lat' dir='ltr'><strong>non</strong></span> <span class='ocrx_word' id='word_1_141' title='bbox 1516 2270 1670 2329; x_wconf 81' lang='lat' dir='ltr'><strong>face·</strong></span> <span class='ocrx_word' id='word_1_142' title='bbox 1698 2278 1762 2328; x_wconf 80' lang='lat'><strong>20</strong></span> 
     </span>
     <span class='ocr_line' id='line_1_22' title="bbox 98 2366 1456 2443; baseline 0.002 -21"><span class='ocrx_word' id='word_1_143' title='bbox 98 2376 191 2423; x_wconf 86' lang='lat' dir='ltr'><strong>ret</strong></span> <span class='ocrx_word' id='word_1_144' title='bbox 218 2366 502 2441; x_wconf 84' lang='lat' dir='ltr'><strong>profecto,</strong></span> <span class='ocrx_word' id='word_1_145' title='bbox 527 2368 575 2424; x_wconf 87' lang='lat' dir='ltr'><strong>si</strong></span> <span class='ocrx_word' id='word_1_146' title='bbox 606 2386 639 2425; x_wconf 83' lang='lat' dir='ltr'><strong>a</strong></span> <span class='ocrx_word' id='word_1_147' title='bbox 660 2368 895 2425; x_wconf 76' lang='lat' dir='ltr'><strong>caritate</strong></span> <span class='ocrx_word' id='word_1_148' title='bbox 923 2366 1081 2443; x_wconf 83' lang='lat' dir='ltr'><strong>vulgi</strong></span> <span class='ocrx_word' id='word_1_149' title='bbox 1111 2366 1456 2425; x_wconf 84' lang='lat' dir='ltr'><strong>abhorreret.</strong></span> 
     </span>
    </p>

    <p class='ocr_par' dir='ltr' id='par_1_4' title="bbox 105 2462 1770 3114">
     <span class='ocr_line' id='line_1_23' title="bbox 181 2462 1674 2538; baseline 0.001 -19"><span class='ocrx_word' id='word_1_150' title='bbox 181 2462 383 2536; x_wconf 89' lang='lat' dir='ltr'><strong>Atque</strong></span> <span class='ocrx_word' id='word_1_151' title='bbox 411 2463 583 2519; x_wconf 86' lang='lat' dir='ltr'><strong>etiam</strong></span> <span class='ocrx_word' id='word_1_152' title='bbox 610 2464 749 2520; x_wconf 90' lang='lat' dir='ltr'><strong>mihi</strong></span> <span class='ocrx_word' id='word_1_153' title='bbox 779 2463 1009 2538; x_wconf 89' lang='lat' dir='ltr'><strong>quidem</strong></span> <span class='ocrx_word' id='word_1_154' title='bbox 1038 2462 1323 2535; x_wconf 86' lang='lat' dir='ltr'><strong>videntur,</strong></span> <span class='ocrx_word' id='word_1_155' title='bbox 1346 2464 1444 2537; x_wconf 86' lang='lat' dir='ltr'><strong>qui</strong></span> <span class='ocrx_word' id='word_1_156' title='bbox 1465 2464 1674 2522; x_wconf 86' lang='lat' dir='ltr'><strong>utilita-</strong></span> 
     </span>
     <span class='ocr_line' id='line_1_24' title="bbox 105 2558 1674 2633; baseline 0.001 -19"><span class='ocrx_word' id='word_1_157' title='bbox 105 2559 181 2616; x_wconf 87' lang='lat' dir='ltr'><strong>tis</strong></span> <span class='ocrx_word' id='word_1_158' title='bbox 202 2558 382 2615; x_wconf 68' lang='lat' dir='ltr'><strong>oausfi,</strong></span> <span class='ocrx_word' id='word_1_159' title='bbox 404 2558 625 2633; x_wconf 84' lang='lat' dir='ltr'><strong>fingunt</strong></span> <span class='ocrx_word' id='word_1_160' title='bbox 647 2559 943 2631; x_wconf 82' lang='lat' dir='ltr'><strong>amicitias,</strong></span> <span class='ocrx_word' id='word_1_161' title='bbox 969 2559 1436 2617; x_wconf 84' lang='lat' dir='ltr'><strong>amabilissimum</strong></span> <span class='ocrx_word' id='word_1_162' title='bbox 1458 2561 1674 2617; x_wconf 87' lang='lat' dir='ltr'><strong>nodum</strong></span> 
     </span>
     <span class='ocr_line' id='line_1_25' title="bbox 108 2654 1676 2727; baseline -0.002 -16"><span class='ocrx_word' id='word_1_163' title='bbox 108 2654 381 2711; x_wconf 55' lang='lat' dir='ltr'><strong>amicitiai</strong></span> <span class='ocrx_word' id='word_1_164' title='bbox 410 2654 626 2711; x_wconf 87' lang='lat' dir='ltr'><strong>tollere.</strong></span> <span class='ocrx_word' id='word_1_165' title='bbox 708 2654 847 2711; x_wconf 90' lang='lat' dir='ltr'><strong>Non</strong></span> <span class='ocrx_word' id='word_1_166' title='bbox 890 2654 1042 2712; x_wconf 90' lang='lat' dir='ltr'><strong>enim</strong></span> <span class='ocrx_word' id='word_1_167' title='bbox 1089 2666 1208 2713; x_wconf 87' lang='lat' dir='ltr'><strong>tam</strong></span> <span class='ocrx_word' id='word_1_168' title='bbox 1253 2656 1470 2713; x_wconf 86' lang='lat' dir='ltr'><strong>utilitas</strong></span> <span class='ocrx_word' id='word_1_169' title='bbox 1513 2662 1676 2727; x_wconf 84' lang='lat' dir='ltr'><strong>parta</strong></span> 
     </span>
     <span class='ocr_line' id='line_1_26' title="bbox 106 2748 1770 2825; baseline 0 -21"><span class='ocrx_word' id='word_1_170' title='bbox 106 2768 208 2824; x_wconf 87' lang='lat' dir='ltr'><strong>per</strong></span> <span class='ocrx_word' id='word_1_171' title='bbox 239 2750 512 2820; x_wconf 84' lang='lat' dir='ltr'><strong>amioum,</strong></span> <span class='ocrx_word' id='word_1_172' title='bbox 556 2769 725 2823; x_wconf 89' lang='lat' dir='ltr'><strong>quam</strong></span> <span class='ocrx_word' id='word_1_173' title='bbox 774 2750 943 2807; x_wconf 78' lang='lat' dir='ltr'><strong>amici</strong></span> <span class='ocrx_word' id='word_1_174' title='bbox 989 2769 1147 2807; x_wconf 88' lang='lat' dir='ltr'><strong>amor</strong></span> <span class='ocrx_word' id='word_1_175' title='bbox 1196 2751 1339 2825; x_wconf 82' lang='lat' dir='ltr'><strong>ipse,</strong></span> <span class='ocrx_word' id='word_1_176' title='bbox 1389 2748 1675 2805; x_wconf 77' lang='lat' dir='ltr'><strong>delectat:</strong></span> <span class='ocrx_word' id='word_1_177' title='bbox 1706 2756 1770 2804; x_wconf 75' lang='lat'><strong>25</strong></span> 
     </span>
     <span class='ocr_line' id='line_1_27' title="bbox 110 2842 1676 2919; baseline -0.003 -18"><span class='ocrx_word' id='word_1_178' title='bbox 110 2857 346 2919; x_wconf 88' lang='lat' dir='ltr'><strong>tumque</strong></span> <span class='ocrx_word' id='word_1_179' title='bbox 376 2844 517 2902; x_wconf 86' lang='lat' dir='ltr'><strong>illud</strong></span> <span class='ocrx_word' id='word_1_180' title='bbox 546 2846 629 2918; x_wconf 88' lang='lat' dir='ltr'><strong>fit,</strong></span> <span class='ocrx_word' id='word_1_181' title='bbox 661 2846 815 2919; x_wconf 93' lang='lat' dir='ltr'><strong>quod</strong></span> <span class='ocrx_word' id='word_1_182' title='bbox 855 2847 925 2903; x_wconf 87' lang='lat' dir='ltr'><strong>ab</strong></span> <span class='ocrx_word' id='word_1_183' title='bbox 968 2846 1158 2901; x_wconf 86' lang='lat' dir='ltr'><strong>amieo</strong></span> <span class='ocrx_word' id='word_1_184' title='bbox 1204 2856 1292 2901; x_wconf 85' lang='lat' dir='ltr'><strong>est</strong></span> <span class='ocrx_word' id='word_1_185' title='bbox 1331 2842 1676 2919; x_wconf 81' lang='lat' dir='ltr'><strong>profectum,</strong></span> 
     </span>
     <span class='ocr_line' id='line_1_28' title="bbox 108 2938 1682 3017; baseline -0.003 -19"><span class='ocrx_word' id='word_1_186' title='bbox 108 2940 452 3017; x_wconf 82' lang='lat' dir='ltr'><strong>jucundum,</strong></span> <span class='ocrx_word' id='word_1_187' title='bbox 507 2941 555 2997; x_wconf 91' lang='lat' dir='ltr'><strong>si</strong></span> <span class='ocrx_word' id='word_1_188' title='bbox 603 2960 737 2999; x_wconf 83' lang='lat' dir='ltr'><strong>oum</strong></span> <span class='ocrx_word' id='word_1_189' title='bbox 789 2940 979 2999; x_wconf 89' lang='lat' dir='ltr'><strong>studio</strong></span> <span class='ocrx_word' id='word_1_190' title='bbox 1026 2949 1115 2995; x_wconf 86' lang='lat' dir='ltr'><strong>est</strong></span> <span class='ocrx_word' id='word_1_191' title='bbox 1159 2938 1518 3014; x_wconf 79' lang='lat' dir='ltr'><strong>profectum:</strong></span> <span class='ocrx_word' id='word_1_192' title='bbox 1560 2945 1682 2993; x_wconf 87' lang='lat' dir='ltr'><strong>tan-</strong></span> 
     </span>
     <span class='ocr_line' id='line_1_29' title="bbox 112 3031 1684 3114; baseline -0.003 -17"><span class='ocrx_word' id='word_1_193' title='bbox 112 3048 351 3114; x_wconf 86' lang='lat' dir='ltr'><strong>tumque</strong></span> <span class='ocrx_word' id='word_1_194' title='bbox 398 3037 581 3109; x_wconf 85' lang='lat' dir='ltr'><strong>abest,</strong></span> <span class='ocrx_word' id='word_1_195' title='bbox 626 3045 691 3095; x_wconf 88' lang='lat' dir='ltr'><strong>ut</strong></span> <span class='ocrx_word' id='word_1_196' title='bbox 730 3035 1001 3095; x_wconf 64' lang='lat' dir='ltr'><strong>amicitias</strong></span> <span class='ocrx_word' id='word_1_197' title='bbox 1042 3042 1277 3111; x_wconf 78' lang='lat' dir='ltr'><strong>propter</strong></span> <span class='ocrx_word' id='word_1_198' title='bbox 1303 3031 1684 3109; x_wconf 80' lang='lat' dir='ltr'><strong>indigentiam</strong></span> 
     </span>
    </p>
   </div>
  </div>
 </body>
</html>
