2084 3517
654 314 740 363 nn
781 314 1184 363 anncTu'rn.
1733 300 1814 359 47

118 480 311 525 ‘suum
387 463 623 535 eadem,
669 483 795 538 quae
851 464 1290 540 coagmentavit,
1346 474 1555 523 natura
1607 462 1718 521 dis-

132 560 327 617 solvit.
412 560 495 617 Ut
538 578 763 631 navem,
808 571 872 617 ut
917 560 1244 633 aedificium,
1275 561 1426 619 idem
1475 560 1720 617 destruit

133 657 439 728 facillime,
489 657 589 732 qui
644 657 983 727 construxit,
1028 658 1115 714 sic
1172 659 1456 717 hominem
1513 658 1718 715 eadem

132 754 381 828 optime,
460 773 589 828 quoe
658 753 1098 831 conglutinavit,
1168 765 1374 813 natura
1437 754 1713 812 dissolvit.

130 849 173 905 J
178 870 273 907 am
302 851 495 907 omnis
524 850 943 927 conglutinatio
970 869 1176 908 recens
1205 870 1374 927 aegre,
1404 851 1720 917 inveterata
1743 856 1778 907 5

135 947 333 1018 facile,
364 947 669 1005 divellitur.
752 946 844 1005 Ita
869 948 951 1019 fit,
982 958 1048 1004 ut
1075 948 1218 1005 illud
1247 948 1418 1005 breve
1440 948 1565 1005 vitae
1589 950 1716 1006 reli-

134 1063 321 1118 quum
362 1063 476 1101 nec
513 1044 684 1103 avide
732 1045 1116 1121 appetendum
1153 1044 1408 1116 senibus,
1437 1064 1548 1101 nec
1591 1046 1716 1103 sine

135 1141 319 1199 causa
376 1140 756 1199 deserendum
810 1141 901 1199 sit.
1000 1143 1290 1217 Vetatque
1343 1143 1714 1219 Pythagoras,
1795 1214 1804 1227 ἱ

134 1238 365 1315 injussu
394 1238 771 1312 imperatoris,
805 1237 896 1315 (id
922 1248 1027 1309 est,
1059 1239 1200 1318 Dei)
1233 1240 1306 1297 de
1344 1239 1614 1315 praesidio
1655 1249 1715 1297 et

134 1335 391 1392 statione
419 1335 547 1392 vitoe
576 1334 873 1395 decedere.
956 1336 1191 1394 Solonis
1233 1337 1464 1410 quidem
1493 1337 1714 1411 sapien·
1745 1340 1808 1389 10

132 1433 211 1489 tis
238 1432 498 1508 elogium
528 1442 632 1502 est,
664 1451 779 1507 quo
806 1452 867 1489 se
889 1442 1064 1508 negat
1091 1432 1238 1489 velle
1267 1452 1432 1489 suam
1471 1443 1716 1489 mortem

134 1528 344 1585 dolore
401 1527 718 1584 amicorum
785 1537 843 1584 et
908 1526 1176 1584 lamentis
1244 1544 1464 1583 vacare.
1575 1527 1717 1584 Vult

138 1624 379 1702 (credo)
411 1644 471 1681 se
500 1643 627 1680 esse
655 1642 853 1681 carum
894 1624 1029 1681 suis,
1115 1623 1232 1681 Sed
1274 1622 1427 1680 haud
1467 1622 1622 1696 sci0,·
1643 1643 1716 1681 an

96 1766 107 1778 .
135 1721 348 1779 melius
378 1721 635 1779 Ennius:

251 1900 281 1926 “
304 1896 466 1944 Nemo
490 1912 567 1944 me
591 1896 823 1959 lacrymis
845 1896 1062 1957 decoret,
1084 1911 1244 1959 neque
1267 1896 1444 1943 funera
1466 1896 1587 1943 fletu
1746 1906 1808 1954 15

302 1976 502 2025 Faxit.”

137 2109 282 2167 Non
330 2119 527 2166 censet
574 2109 883 2186 lugendam
930 2128 1058 2166 esse
1104 2118 1368 2179 mortem,
1397 2126 1568 2182 quam
1613 2108 1718 2165 im-

137 2206 463 2263 mortalitas
490 2216 891 2280 consequatur.

221 2302 355 2360 Jam
384 2321 587 2359 sensus
614 2302 883 2360 morienti
913 2302 1122 2376 aliquis
1149 2320 1275 2359 esse
1315 2311 1523 2385 potest,
1553 2302 1714 2377 isque

141 2398 213 2456 ad
244 2399 519 2475 exiguum
546 2408 790 2474 tempuS‚
819 2398 1136 2474 praesertim
1185 2397 1348 2456 seni:
1389 2409 1522 2474 post
1567 2418 1716 2457 mor·
1747 2413 1810 2461 20
1907 2446 1918 2467 ,

139 2505 259 2552 tem
286 2496 542 2569 quidem,
572 2514 774 2553 sensus
804 2506 903 2553 aut
928 2496 1214 2571 optandus
1247 2505 1344 2553 aut
1383 2495 1576 2555 nullus
1605 2507 1714 2553 est.

142 2593 261 2649 S'ed
292 2592 407 2649 hoc
429 2591 767 2649 meditatum
812 2594 883 2651 ab
924 2592 1317 2651 adolescentia
1359 2592 1530 2651 debet
1569 2610 1716 2661 esse,

140 2699 388 2747 mortem
430 2698 493 2746 ut
536 2688 929 2765 negligamus:
988 2690 1114 2746 sine
1163 2689 1278 2763 qua
1321 2688 1716 2756 meditatione,

142 2785 456 2861 tranquillo
484 2804 609 2843 esse
640 2785 831 2844 animo
858 2805 1031 2843 nemo
1055 2795 1262 2864 potest.
1347 2781 1719 2841 Moriendum

142 2884 299 2939 enim
327 2894 489 2939 certe
518 2892 604 2939 est
622 2903 636 2953 3
680 2891 739 2939 et
775 2882 834 2939 id
878 2882 1184 2951 incertum,
1217 2900 1290 2937 an
1332 2898 1404 2935 eo
1435 2878 1560 2951 ipso
1606 2876 1717 2936 die.
1750 2893 1814 2945 25

144 2978 401 3038 Mortem
446 2978 621 3055 igitur
664 2978 934 3035 omnibus
977 2976 1134 3034 horis
1175 2973 1603 3050 impendentem
1651 2975 1720 3031 ti-

143 3096 329 3150 mens,
379 3075 479 3151 qui
520 3074 732 3151 poterit
786 3075 979 3133 animo
1032 3071 1393 3131 consistere?
1474 3068 1566 3128 De
1605 3070 1722 3146 qua
