2084 3517
259 306 339 369 34
838 322 1013 369 cuo
1051 322 1280 381 imon,
1307 322 1434 371 sm

348 467 807 541 inimicitiarum,
835 470 1216 546 cupiditatum
1243 469 1521 543 omnium,
1549 486 1750 527 secum
1771 448 1930 542 esse,

355 586 663 641 secumque
711 566 803 643 (ut
855 568 1096 647 dicitur)
1153 568 1371 623 vivere!
1455 566 1520 624 Si
1559 584 1698 622 vero
1745 567 1928 623 habet

357 662 581 737 aliquod
628 671 893 737 tanquam
919 664 1190 737 pabulum
1220 663 1394 720 studii
1425 673 1592 737 atque
1619 661 1926 733 doctrinae,

354 758 495 815 nihil
524 768 611 815 est
636 759 821 815 otiosa
843 769 1139 817 senectute
1161 759 1489 833 jucundius.
1573 757 1728 814 Mori
1753 777 1926 833 paene

292 856 324 904 5
354 854 702 925 videbamus,
726 854 785 911 in
813 856 1003 911 studio
1020 854 1358 911 dimetiendi
1375 853 1506 911 coeli
1537 864 1704 929 atque
1731 865 1923 926 terrae,

354 949 422 1006 C.
450 950 699 1022 Gallum,
729 951 1065 1007 familiarem
1105 950 1284 1025 patris
1321 950 1427 1021 tui,
1459 950 1674 1025 Scipio.
1753 949 1924 1011 Quo-

352 1046 461 1102 ties
486 1046 644 1105 illum
673 1048 771 1105 lux
794 1056 969 1104 noctu
994 1045 1208 1122 aliquid
1226 1046 1553 1102 describere
1575 1046 1921 1122 ingressum,

350 1143 573 1218 quoties
599 1161 715 1201 nox
738 1143 1034 1217 oppressit,
1059 1161 1192 1200 cum
1221 1160 1390 1199 mane
1417 1142 1714 1217 ooepisset!
1745 1162 1921 1217 quam

351 1236 673 1295 delectabat
712 1257 863 1308 eum,
890 1238 1246 1296 defectiones
1285 1238 1422 1293 solis
1457 1247 1516 1293 et
1553 1238 1706 1294 lunae
1735 1238 1921 1296 multo

260 1326 321 1377 1⁰
346 1334 515 1391 nobis
537 1343 666 1391 aute
692 1334 1034 1409 praedicere!

420 1429 587 1491 Quid
626 1430 689 1487 in
728 1429 1033 1487 levioribus
1075 1430 1298 1501 studim,
1327 1429 1427 1486 sed
1467 1439 1660 1487 tamen
1690 1430 1918 1487 acutis?

346 1545 515 1601 quam
542 1525 827 1602 gaudebat
855 1524 1019 1583 Bello
1047 1544 1152 1582 suo
1179 1526 1403 1583 Punico
1429 1524 1699 1583 Naeviusl
1743 1545 1916 1601 quam

346 1622 708 1679 Truculento
785 1621 1056 1679 Plautus!
1137 1638 1306 1694 quam
1370 1620 1692 1678 Pseudolo!
1774 1622 1916 1680 Vidi

348 1717 517 1773 etiam
560 1734 755 1773 senem
796 1716 1058 1773 Livium:
1100 1716 1216 1789 qui,
1247 1734 1380 1771 cum
1422 1734 1523 1771 sex
1551 1736 1732 1773 annos
1761 1728 1912 1789 ante,

260 1811 320 1860 15
348 1830 515 1887 quam
544 1830 653 1887 ego
674 1821 841 1868 natus
869 1830 1015 1881 sum,
1038 1809 1288 1868 fabulam
1317 1811 1623 1883 docuisset,
1647 1813 1912 1871 Centone

347 1906 755 1983 Tuditanoque
782 1907 1134 1978 consulibua,
1165 1926 1344 1982 usque
1371 1908 1440 1965 ad
1467 1902 1910 1967 adolescentiam

347 2023 529 2061 meam
553 2004 832 2079 processit
852 2014 1033 2062 aetate.
1114 2003 1278 2065 Quid
1301 2004 1374 2061 de
1394 2003 1458 2061 P.
1481 2004 1697 2061 Licinii
1715 2005 1910 2063 Crassi

346 2111 404 2158 et
427 2101 709 2177 pontificii
738 2111 795 2157 et
822 2101 1005 2158 civilis
1040 2100 1184 2176 juris
1211 2100 1401 2157 studio
1427 2100 1670 2174 loquar?
1715 2111 1811 2157 aut
1837 2102 1910 2158 de

346 2196 513 2271 hujus
540 2196 603 2253 P.
629 2196 937 2271 Scipionis,
961 2196 1059 2271 qui
1085 2196 1175 2251 his
1199 2196 1402 2270 paucis
1422 2195 1624 2252 diebus
1650 2198 1910 2271 pontifex

252 2287 314 2337 2⁰
346 2291 623 2347 maximus
678 2291 865 2348 factus
916 2294 1041 2348 est?
1123 2291 1302 2365 Atqui
1355 2310 1456 2347 eos
1503 2310 1720 2363 omnes,
1765 2312 1909 2367 quos

346 2387 801 2457 commemoravi,
844 2387 933 2442 his
974 2386 1177 2443 studiis
1217 2386 1522 2461 flagrantes
1563 2404 1729 2443 senes
1768 2388 1910 2445 vidi-

344 2500 485 2538 muS.
570 2479 652 2537 M.
696 2500 832 2537 vero
872 2482 1214 2557 Cethegum,
1243 2499 1409 2555 quem
1453 2492 1610 2538 recte
1640 2488 1676 2515 “
1699 2484 1908 2542 Suadae

343 2576 695 2633 medullam''
727 2576 868 2632 dixit
909 2576 1152 2646 Ennius,
1181 2586 1394 2650 quanto
1433 2576 1624 2632 studio
1651 2582 1906 2637 exerceri

343 2672 401 2729 in
428 2672 677 2729 dicendo
709 2671 1056 2742 videbamus,
1081 2672 1253 2727 etiam
1281 2672 1509 2727 senem!
1590 2671 1744 2733 Quae
1773 2686 1908 2733 sunt

248 2782 311 2831 25
342 2768 515 2845 igitur
569 2768 882 2844 epularum,
934 2777 1031 2824 aut
1084 2767 1368 2838 ludorum,
1415 2777 1512 2824 aut
1565 2778 1901 2841 scortorum,

340 2863 655 2938 voluptates
708 2882 841 2920 cum
896 2864 985 2920 his
1024 2862 1407 2938 voluptatibus
1461 2865 1900 2940 comparandae'!

339 2956 531 3031 Atque
558 2960 681 3017 haec
708 2960 935 3034 quidem
964 2959 1155 3017 studia
1184 2959 1490 3029 doctrinae;
1519 2979 1644 3034 quae
1669 2959 1899 3034 quidem

336 3051 709 3129 prudentibus
748 3066 806 3115 et
832 3056 979 3117 bene
1020 3054 1294 3115 institutis
1319 3055 1530 3137 pariter
1571 3074 1703 3119 cum
1733 3064 1898 3121 aetate
