2084 3517
483 293 760 352 memus,
791 293 940 342 srvi:
979 294 1069 342 DE
1104 291 1422 342 Amcrrm.
1742 285 1819 344 91

131 454 292 518 sunt,
348 455 410 502 et
461 453 561 502 aut
613 444 876 502 Deorum
925 454 1023 503 aut
1075 463 1279 524 regum
1326 444 1433 503 filii
1486 443 1727 517 inventi,

127 541 390 600 retinent
416 551 612 598 tamen
641 541 941 600 caritatem
971 541 1031 599 in
1059 553 1339 618 pastores,
1367 561 1512 619 quos
1537 550 1730 617 patres

127 639 350 697 multos
379 657 564 696 annos
589 657 718 696 esse
759 638 1065 697 duxerunt.
1144 639 1327 701 Quod
1368 639 1603 716 quidem
1644 648 1731 696 est

133 736 320 794 multo
345 733 610 811 profecto
638 735 822 812 magis
850 735 910 792 in
939 735 1091 803 veris
1116 736 1395 810 patribus,
1418 735 1729 810 certisque,

129 832 494 890 faciendum.
577 831 832 890 Fructus
878 831 1035 890 enim
1092 832 1313 909 ingenii
1366 841 1424 889 et
1477 833 1729 904 virtutis,
1762 845 1796 894 5

127 929 442 1004 omnisque
469 929 835 1003 praestantiae,
865 939 988 987 tum
1017 929 1303 987 maximus
1324 929 1570 1005 capitur,
1594 949 1731 988 cum

129 1026 200 1084 in
225 1026 555 1103 proximum
583 1044 870 1101 quemque
899 1026 1215 1085 confertur·

217 1219 362 1278 XX.
421 1218 502 1277 Ut
545 1219 721 1296 igitur
767 1220 828 1292 ii,
867 1220 967 1295 qui
1011 1230 1147 1279 sunt
1191 1221 1250 1278 in
1296 1219 1567 1279 amicitiae
1596 1240 1734 1289 con-,-

127 1316 571 1393 junctionisque
599 1317 1030 1376 necessitudine
1060 1319 1407 1394 superiores,
1431 1337 1732 1394 exaequare

137 1433 202 1472 se
247 1433 388 1473 cum
431 1413 804 1471 inferioribus
851 1414 1101 1484 debent3
1145 1415 1233 1471 sic
1277 1415 1579 1472 inferiores
1614 1434 1733 1472 non
1768 1421 1831 1470 10

135 1510 359 1582 dolere,
405 1529 468 1566 se
524 1529 558 1568 a
611 1509 732 1566 suis
777 1519 874 1566 aut
914 1509 1155 1586 ingenio
1206 1521 1303 1567 aut
1349 1509 1581 1567 fortunii
1639 1519 1736 1567 aut

135 1607 426 1685 dignitate
469 1606 770 1682 superari:
829 1624 1075 1680 quorum
1126 1606 1389 1682 plerique
1447 1615 1545 1664 aut
1601 1625 1737 1681 que-

137 1715 346 1762 runtur
389 1721 614 1779 semper
666 1702 901 1778 aliquid,
961 1711 1059 1761 aut
1114 1703 1289 1760 etiam
1345 1704 1730 1779 exprobrant3

135 1819 332 1878 eoque
392 1800 596 1876 magiS,
658 1799 708 1858 si
757 1800 970 1887 habere
1017 1821 1084 1858 se
1139 1811 1363 1877 putant,
1410 1802 1565 1877 quod
1619 1801 1740 1859 offi-

139 1899 306 1956 ciose
336 1906 395 1953 et
423 1896 630 1968 amice,
659 1907 719 1953 et
745 1915 880 1954 cum
915 1897 1115 1955 labore
1146 1898 1339 1973 aliquo
1368 1917 1493 1969 suo,
1524 1896 1739 1955 facturn
1772 1903 1835 1953 15

139 2006 366 2071 queant
393 1993 608 2050 dicere.
692 1992 980 2051 Odiosum
1022 2012 1163 2050 sane
1203 2012 1389 2070 genus
1417 1993 1738 2064 hominum,

139 2091 346 2150 officia
383 2089 886 2166 exprobrantium3
937 2109 1065 2164 quae
1107 2089 1437 2147 meminisse
1478 2089 1651 2146 debet
1692 2089 1741 2147 is

142 2188 210 2246 in
260 2207 434 2263 quem
483 2188 697 2245 collata
743 2196 898 2259 sunt,
947 2205 1067 2243 non
1116 2202 1592 2259 commemorare,
1643 2185 1741 2263 qui

141 2285 418 2344 contulit.

226 2381 634 2443 Quamobrem
662 2391 727 2439 ut
754 2381 816 2453 ii,
839 2380 940 2456 qui
969 2380 1297 2456 superiores
1324 2392 1477 2455 sunt,
1508 2383 1745 2441 submit·-
1773 2391 1837 2440 20

141 2489 274 2536 tere
319 2497 382 2537 se
430 2478 644 2535 debent
699 2478 760 2536 in
817 2478 1095 2550 amicitiai,
1139 2480 1227 2538 sic
1274 2480 1521 2554 quodam
1570 2481 1745 2539 modo

149 2575 458 2634 inferiores
511 2575 803 2633 extollere.
913 2576 1066 2633 Sunt
1120 2577 1274 2634 enim
1332 2578 1587 2652 quidam,
1646 2575 1744 2648 qui

153 2673 426 2730 molestas
451 2671 734 2729 amicitias
764 2672 1001 2745 faciunt,
1032 2693 1167 2732 cum
1197 2674 1306 2750 ipsi
1346 2693 1409 2732 se
1450 2670 1747 2730 contemni

147 2779 397 2846 putant3
454 2769 604 2845 quod
661 2788 779 2827 non
829 2770 948 2827 fere
1002 2771 1311 2848 contingit,
1360 2769 1473 2826 nisi
1530 2767 1601 2823 iis
1648 2766 1747 2840 qui

147 2867 332 2926 etiam
387 2866 848 2924 contemnendos
909 2885 971 2924 se
1029 2867 1414 2934 arbitrantur3
1477 2863 1574 2938 qui
1637 2862 1748 2921 hac
1776 2871 1841 2920 25

151 2964 454 3041 opinione,
509 2983 630 3021 non
683 2964 858 3022 modo
910 2962 1122 3034 verbis,
1169 2961 1270 3021 sed
1326 2960 1501 3019 etiam
1554 2979 1748 3039 opere,

153 3060 392 3122 levandi
416 3069 566 3120 sunt.
