2084 3517
678 330 766 376 nn
804 330 1208 377 annnorum.
1747 320 1830 381 33

146 476 376 553 geratio
430 486 649 548 aestate,
702 486 761 533 et
810 476 1065 534 vicissim
1121 487 1218 535 aut
1270 476 1354 535 sol
1411 485 1508 533 aut
1573 476 1726 553 ignis

146 573 465 630 hibernus:
509 592 635 648 quae
658 572 887 647 quidem
914 573 975 629 in
1005 573 1236 630 Sabinis
1263 574 1434 629 etiam
1462 574 1726 648 persequi

146 669 331 741 solen,
350 668 793 742 conviviumque
812 668 1134 725 vicinorum
1153 669 1408 744 quotidie
1427 669 1692 745 compleo
1709 688 1723 740 ς

145 763 309 839 quod
356 764 426 821 ad
471 764 711 821 multam
750 772 1007 835 noctem,
1034 782 1204 838 quam
1242 764 1487 821 maxime
1526 784 1726 841 possu-

110 842 118 849 ⁸
146 879 301 931 mue,
333 860 491 943 vario
519 878 782 917 sermone
806 858 1196 933 producimus
1753 876 1786 927 5

232 956 317 1013 At
355 974 477 1012 non
504 964 591 1011 est
616 956 970 1030 voluptatum
1010 964 1173 1011 tanta
1199 955 1359 1030 quasi
1387 956 1637 1015 titillatio
1665 957 1724 1015 in

146 1053 408 1111 senibus,
492 1052 717 1109 Credo:
784 1052 885 1108 sed
938 1070 1013 1109 ne
1069 1052 1412 1110 desideratio
1477 1052 1722 1129 quidem.

146 1148 321 1207 Nihil
378 1157 569 1205 autem
633 1147 957 1220 molestum,
1011 1149 1166 1224 quod
1231 1166 1349 1205 non
1412 1148 1721 1207 desideres.

147 1244 317 1303 Bene
356 1243 698 1319 Sophocles,
728 1262 861 1301 cum
900 1262 974 1301 ex
1000 1262 1070 1303 eo
1093 1245 1345 1321 quidam,
1369 1245 1488 1321 jam
1515 1246 1728 1303 affecto

148 1350 341 1411 aetate,
410 1350 706 1415 quaereret,
788 1349 1116 1398 utereturne
1189 1342 1362 1399 rebus
1423 1340 1724 1399 venereis?
1754 1344 1816 1395 10

150 1442 191 1470 “
210 1436 316 1493 Dii
354 1435 675 1493 meliora!'’
732 1435 950 1510 inquit:
1014 1436 1313 1492 “libenter
1354 1455 1489 1493 vero
1529 1438 1723 1508 istinc,

148 1544 446 1607 tamquam
486 1550 523 1588 a
547 1530 783 1587 domino
826 1529 1033 1605 agresti
1063 1548 1132 1586 ac
1173 1530 1405 1601 furioso,
1433 1532 1722 1608 profugi.”

151 1626 400 1703 Cupidis
420 1626 577 1683 enim
604 1642 796 1681 rerum
821 1623 1023 1681 talium
1051 1624 1310 1683 odiosum
1338 1634 1396 1682 et
1421 1624 1725 1685 molestum

150 1732 241 1780 est
283 1722 523 1780 fortasse
562 1738 793 1779 carere:
836 1719 1056 1777 satiatis
1095 1738 1230 1778 vero
1269 1730 1327 1778 et
1367 1723 1606 1799 expletis
1638 1722 1727 1799 ju-

152 1817 405 1875 cundius
446 1825 533 1874 est
572 1833 787 1887 carere,
830 1834 999 1890 quam
1040 1814 1184 1873 frui:
1245 1834 1566 1893 quanquam
1606 1836 1724 1877 non
1755 1820 1816 1872 15

152 1923 317 1971 caret
344 1912 413 1984 is,
442 1912 540 1987 qui
566 1930 685 1969 non
712 1911 1013 1969 desiderat.
1099 1911 1256 1987 Ergo
1295 1913 1404 1971 hoc
1431 1932 1550 1971 non
1579 1913 1726 1971 desi-

152 2009 379 2080 derare,
409 2008 541 2067 dieo
569 2026 695 2065 esse
735 2008 1068 2083 jucundiuS‚
1097 2026 1268 2081 quam
1295 2008 1425 2064 frui.

230 2105 418 2167 Quod
476 2104 525 2161 si
578 2104 702 2161 istis
754 2103 893 2177 ipsis
946 2102 1331 2177 voluptatibus
1384 2104 1538 2162 bona
1589 2114 1725 2163 aetas

155 2202 363 2259 fruitur
392 2200 694 2269 libentius;
736 2198 983 2274 primum
1021 2198 1272 2273 parvulis
1299 2198 1504 2257 fruitur
1529 2202 1720 2275 rebus,

153 2308 219 2356 ut
246 2297 529 2355 diximus:
572 2294 782 2351 deinde
822 2294 915 2358 iis,
944 2294 1150 2369 quibus
1191 2304 1475 2366 senectae,
1517 2296 1566 2353 si
1605 2316 1724 2355 non
1753 2304 1818 2353 20

156 2394 389 2451 abunde
413 2392 648 2467 potitur,
672 2410 789 2447 non
810 2390 1050 2447 omnino
1071 2400 1244 2447 caret.
1325 2390 1404 2449 Ut
1423 2392 1722 2469 Turpione

156 2488 431 2547 Ambivio
472 2487 655 2563 magis
695 2486 1030 2558 delectatur,
1073 2487 1170 2562 qui
1211 2487 1272 2544 in
1309 2488 1494 2562 prima
1549 2491 1726 2554 cavea

155 2595 413 2660 spectat3
456 2583 773 2641 delectatur
812 2592 1025 2653 tamen,
1069 2582 1240 2640 etiam
1268 2585 1366 2660 qui
1405 2583 1466 2642 in
1503 2586 1723 2657 ultima,

155 2682 243 2740 sic
273 2679 681 2749 adolescentia,
709 2678 1027 2753 voluptates
1051 2697 1230 2754 prope
1269 2680 1516 2753 intuens,
1547 2681 1728 2757 magis

158 2779 401 2836 fortasse
440 2775 696 2833 laetatur:
740 2775 840 2831 sed
882 2775 1199 2832 delectatur
1239 2776 1410 2833 etiam
1439 2786 1727 2849 senectus,
1758 2784 1825 2834 25

154 2872 359 2950 procul
390 2890 489 2929 eas
516 2880 802 2945 spectanS,
831 2880 1073 2940 tantum,
1103 2882 1378 2945 quantum
1406 2880 1492 2927 sat
1519 2880 1621 2927 est.

235 2970 319 3026 At
348 2968 449 3026 illa
466 2966 663 3043 quanti
690 2976 842 3037 sunt,
866 2965 1140 3037 animum,
1161 2976 1450 3042 tamquam
1479 2968 1732 3027 emeritis

158 3063 462 3143 stipendiis
535 3061 813 3134 libidinis,
888 3061 1235 3133 ambitionis,
1318 3064 1732 3138 contentionis,
