2084 3517
295 319 376 377 94
704 331 979 388 LAELms,
1013 329 1163 378 srvi:
1202 331 1291 378 DE
1330 329 1654 380 AMICITIA.

387 498 508 538 non
526 479 710 538 solum
735 480 1002 539 amicitiae
1021 480 1315 559 depositae,
1338 481 1440 540 sed
1460 480 1782 540 inimicitiae
1802 484 1991 540 etiam

387 586 690 652 susceptae,
746 577 1065 636 videantur.
1171 578 1336 635 Nihil
1385 578 1541 636 enim
1594 589 1685 635 est
1730 579 1986 654 turpiuS‚
2044 559 2046 592 ³

387 692 559 748 quam
587 691 720 732 oum
749 692 822 731 eo
851 675 1065 732 bellum
1100 693 1321 752 gerere,
1351 673 1587 751 quieu‘m
1618 675 1986 733 familiariter

386 770 609 828 vixeris,
694 771 792 828 Ab
835 772 1095 830 amicitia
1120 772 1200 835 Q.
1231 772 1515 848 Pompeii,
1544 791 1676 829 meo
1716 772 1983 844 nomine,
2046 764 2048 816 ἶ

321 886 356 934 5
387 886 452 924 se
488 879 808 926 removerat
853 868 946 948 (ut
989 868 1453 949 scitis)'Scipio:
1495 878 1729 944 propter
1757 868 1984 926 dissen-

387 964 610 1022 sionem
657 976 869 1038 autem,
907 986 1032 1041 quae
1070 975 1193 1023 erat
1237 966 1297 1022 in
1340 965 1661 1041 republica,
1693 964 1982 1024 alienatus
2048 1015 2050 1048 ἦ

385 1072 474 1120 est
493 1082 526 1120 a
554 1063 778 1141 collega
804 1072 1000 1120 nostro
1018 1062 1277 1120 Metello.
1360 1061 1682 1138 Utrumque
1710 1062 1833 1140 egit
1850 1081 1982 1140 gra-

384 1159 547 1231 viter,
573 1160 934 1231 auctoritate,
953 1169 1012 1216 et
1038 1159 1359 1217 offensione
1391 1160 1567 1217 animi
1595 1178 1711 1218 non
1743 1159 1976 1218 acerba.

459 1255 882 1327 Quamobrem,
909 1255 1160 1331 primum
1199 1255 1393 1313 danda
1432 1274 1609 1332 opera
1646 1265 1755 1328 est,
1784 1275 1981 1331 nequa
2050 1259 2052 1334 ἦ

290 1372 352 1422 10
386 1352 703 1410 amicorum
723 1353 964 1410 dissidia
984 1353 1157 1411 fiant:
1202 1353 1291 1410 sin
1312 1352 1427 1410 tale
1459 1352 1672 1429 aliquid
1695 1353 1976 1426 evenerit,
2051 1339 2052 1346 ἵ

383 1459 448 1509 ut
474 1450 771 1510 exstinctas
797 1451 990 1526 potius
1013 1450 1303 1523 amicitiae,
1322 1468 1495 1527 quam
1518 1468 1826 1526 oppressa-2,
1846 1467 1975 1508 esse
2053 1498 2054 1534 3

381 1547 698 1606 videantur.
798 1546 1139 1606 Cavendum
1196 1567 1334 1605 vero
1387 1557 1494 1620 est,
1548 1565 1625 1604 ne
1678 1547 1856 1604 etiam
1912 1547 1973 1605 in
2053 1539 2054 1550 ¹

379 1664 583 1722 graves
611 1644 946 1702 inimicitias
974 1654 1315 1703 convertant
1346 1663 1409 1702 se
1440 1643 1708 1702 amicitia·
1734 1664 1747 1702 τ
1790 1663 1825 1702 e
1853 1644 1975 1721 qui-

381 1740 488 1797 bus
534 1740 745 1816 jurgia,
803 1738 1131 1811 maledicta,
1189 1741 1575 1813 contumeliae,
1620 1740 1971 1818 gignantur:
2055 1741 2056 1776 ἶ

285 1843 349 1893 15
376 1853 502 1911 quae
529 1844 744 1907 tamen,
774 1834 823 1892 si
850 1835 1181 1892 tolerabiles
1209 1846 1398 1908 erunt,
1423 1836 1674 1895 ferendae
1702 1846 1872 1896 sunt:
1915 1847 1975 1896 et

376 1933 476 1990 hio
503 1933 688 1990 honos
717 1931 895 1990 veteri
939 1932 1207 1990 amicitiae
1234 1933 1575 1991 tribuendus
1603 1943 1709 2006 est,
1740 1943 1805 1992 ut
1833 1935 1883 1992 is
1910 1933 1973 1992 in

379 2030 552 2106 culpa
601 2029 676 2088 sit
702 2029 808 2106 quiv
847 2028 1041 2102 faeiat,
1072 2047 1191 2087 non
1220 2029 1318 2104 qui
1358 2030 1630 2106 patiatur,
1678 2030 1968 2107 injuriam.

377 2126 637 2185 Omnino
679 2126 936 2186 omnium
978 2127 1187 2184 horum
1235 2127 1510 2184 vitiorum
1553 2136 1724 2202 atque
1752 2127 1972 2185 incom-

378 2224 683 2281 modorum
728 2243 846 2280 una
873 2224 1071 2282 cautio
1100 2232 1206 2295 est,
1240 2235 1408 2299 atque
1448 2242 1566 2281 una
1603 2224 1881 2299 provisio,
1912 2233 1973 2282 ut

285 2337 351 2387 20
379 2338 454 2377 ne
508 2319 685 2376 nimis
738 2320 858 2378 cito
904 2320 1150 2398 diligere
1214 2320 1607 2397 incipiamuss
1634 2337 1783 2377 neve
1852 2341 1972 2379 non

379 2415 609 2492 dignos

458 2511 641 2588 Digni
665 2521 857 2569 autem
885 2522 1019 2571 sunt
1041 2513 1318 2585 amicitia,
1341 2513 1549 2588 quibus
1569 2513 1631 2570 in
1660 2512 1799 2589 ipsis
1822 2514 1974 2573 inest

381 2627 576 2681 causa,
606 2627 710 2666 eur
738 2608 1071 2686 diligantur.
1154 2610 1381 2667 Rarum
1409 2629 1593 2687 genus
1624 2609 1709 2687 (et
1736 2611 1974 2685 quidem

381 2705 578 2764 omnia
617 2705 898 2782 praeelara
930 2707 1126 2785 rara);
1169 2725 1283 2763 neo
1320 2706 1628 2781 quidquam
1656 2695 1993 2780 difficilius‚'

288 2812 354 2862 25
381 2822 552 2879 quam
594 2801 864 2878 reperire,
914 2802 1068 2877 quod
1118 2801 1193 2860 sit
1239 2802 1398 2859 omni
1447 2821 1519 2859 ex
1556 2813 1719 2879 parte
1760 2803 1822 2861 in
1866 2823 1973 2862 suo

381 2917 596 2976 genere
630 2898 968 2974 perfeetum.
1054 2899 1173 2956 Sed
1203 2899 1463 2974 plerique
1490 2917 1680 2974 neque
1709 2899 1769 2956 in
1797 2903 1973 2959 rebus

343 2977 353 2989 ¹
382 2994 648 3053 humanis
669 2995 980 3072 quidquam
996 2996 1214 3053 bonum
1242 2994 1475 3066 norunt,
1498 2995 1611 3053 nisi
1638 2997 1792 3071 quod
1822 2997 1975 3056 frue-

381 3097 612 3147 tuosum
667 3091 773 3162 sit3
832 3101 892 3150 et
949 3091 1187 3163 amieos,
1232 3101 1506 3167 tanquam
1552 3091 1828 3168 pecudeS,
1871 3112 1976 3154 eos
