2084 3517
289 324 369 383 60
689 334 963 394 LAELIUS,
1000 334 1150 381 s1vr.
1188 334 1276 381 nn
1320 334 1633 381 AmcrnA.

379 498 497 540 non
519 501 671 561 egeo·
683 481 972 540 medicina
994 502 1009 540 ε
1051 501 1146 540 me
1172 481 1294 558 ipse
1314 482 1603 554 consolor,
1625 491 1685 539 et
1705 480 1964 539 maxi-me

380 579 481 638 illo
508 580 732 651 solati0,
756 580 911 655 quod
936 598 1009 637 eo
1036 598 1231 638 errore
1259 596 1450 652 careo,
1473 598 1608 654 quo,
1631 566 1962 637 amicorum
2050 568 2051 591 *

380 677 639 749 decessu,
667 677 924 753 plerique
960 678 1096 755 angi
1133 678 1336 735 solent.
1415 676 1582 734 Nihil
1619 675 1776 733 enim
1813 675 1960 733 mali

382 774 662 831 accidisse
708 775 973 850 Scipioni
1017 785 1193 851 puto:
1240 774 1384 831 mihi
1431 774 1666 845 accidit,
1713 773 1764 831 si
1811 772 1960 848 quid

316 876 349 927 5
380 870 609 928 accidit.
692 872 829 929 Suis
870 882 1062 929 autem
1101 854 1486 929 incommodis
1517 870 1764 948 graviter
1793 870 1952 948 angi,
2050 910 2051 925 1

377 986 497 1024 non
525 968 795 1041 amicum,
824 968 923 1025 sed
954 968 1206 1043 seipsum
1235 968 1480 1025 amantis
1507 977 1615 1045 est..
2050 958 2051 967 ³

454 1064 606 1123 Cum
634 1065 733 1122 illo
759 1084 895 1121 vero
922 1065 1052 1139 quis
1077 1074 1252 1143 neget
1279 1074 1470 1122 actum
1491 1084 1618 1123 esse
1635 1064 1960 1141 preclare?

376 1160 509 1217 Nisi
538 1162 692 1218 enim
724 1159 905 1238 (quod
933 1162 1029 1219 ille
1057 1161 1294 1219 minime
1319 1163 1594 1241 putabat)
1617 1161 1956 1219 immortali·
2050 1162 2051 1231 g

375 1265 552 1314 tatem
594 1268 793 1334 optare
825 1259 1014 1330 vellet,
1044 1258 1184 1333 quid
1223 1277 1340 1316 non
1379 1268 1468 1315 est
1507 1258 1767 1333 adeptuS,
1795 1258 1954 1333 quod

284 1360 347 1410 10
376 1352 596 1410 homini
624 1354 709 1411 sas
736 1364 887 1411 esset
914 1356 1148 1430 optare?
1187 1354 1286 1429 qui
1315 1372 1595 1411 summam
1623 1373 1782 1429 spem
1813 1354 1954 1411 civi·

375 1469 492 1522 um,
521 1470 689 1526 quam
732 1452 803 1507 de
844 1470 915 1508 eo
948 1452 1066 1527 jam
1093 1470 1274 1527 puero
1302 1451 1637 1521 habuerant,
1667 1451 1960 1509 continuo
2050 1478 2051 1527 g

376 1547 711 1604 adolescens
740 1547 1067 1605 incredibili
1090 1548 1297 1622 virtute
1325 1547 1639 1623 superavit:
1683 1547 1784 1621 qui
1813 1566 1952 1605 con-

374 1643 620 1699 sulatum
647 1644 848 1718 petivit
880 1662 1190 1718 nunquam,
1222 1643 1408 1700 factus
1447 1653 1536 1700 est
1575 1643 1780 1701 consul
1823 1644 1950 1701 bis:

371 1738 617 1812 primum
648 1747 779 1793 ante
807 1748 1062 1814 tempus3
1107 1738 1315 1795 iterum
1355 1739 1484 1811 sibi,
1515 1758 1622 1796 ιιιο
1647 1749 1954 1815 tempore;
2050 1758 2051 1793 ;

281 1844 343 1893 15
372 1832 722 1907 reipublicae,
744 1852 908 1909 paene
936 1852 1095 1891 sero:
1135 1834 1254 1909 qui,
1277 1835 1500 1892 duabus
1527 1836 1766 1893 urbibus
1793 1855 1958 1895 ever·

372 1929 469 2000 sis,
500 1928 911 1987 inimicissimis
952 1929 1090 1987 huic
1132 1931 1392 2007 imperi0,
1430 1951 1548 1991 non
1591 1933 1766 1990 modo
1804 1953 1957 2010 prae·-

370 2024 574 2097 sentia,
602 2044 801 2083 verum
837 2026 1012 2083 etiam
1053 2026 1248 2085 futura
1281 2027 1432 2085 bella
1469 2027 1696 2086 delevit.
1777 2029 1950 2091 Quid
2050 2070 2051 2085 2

370 2122 560 2180 dicam
602 2124 675 2179 de
716 2124 973 2180 moribus
1013 2124 1342 2181 facillimis?
1383 2125 1458 2181 de
1495 2126 1711 2201 pietate
1738 2126 1800 2183 in
1828 2146 1952 2185 ma·

368 2220 557 2275 trem?
597 2220 939 2277 liberalitate
980 2220 1041 2277 in
1082 2223 1348 2278 sorores?
1390 2222 1654 2297 bonitate·
1676 2222 1738 2279 in
1767 2226 1946 2281 suos?
2049 2256 2051 2267 2

276 2328 339 2377 20
362 2313 585 2389 justitia
606 2316 665 2372 in
688 2334 888 2373 omnes
904 2317 927 2375 Ἰ
968 2326 1108 2374 nota
1129 2327 1262 2374 sunt
1283 2318 1460 2376 vobis.
1526 2318 1726 2380 Quam
1752 2330 1947 2377 autem
2050 2356 2051 2359 =

368 2409 587 2467 civitati
610 2430 777 2469 carus
796 2413 985 2484 fuerit,
1000 2432 1242 2471 moerore
1261 2414 1478 2472 funeris
1497 2414 1816 2473 indicatum
1837 2428 1946 2475 est.
2050 2412 2051 2445 ³

363 2506 529 2568 Quid
570 2507 743 2583 igitur
785 2508 942 2565 hunc
980 2528 1299 2584 paucorum
1349 2529 1630 2569 annorum
1679 2514 1948 2571 accessio
2050 2490 2051 2507 Χ

358 2604 557 2681 juvare
588 2604 910 2679 potuisset?
992 2606 1277 2663 Senectus
1317 2608 1492 2681 enim,
1517 2610 1780 2685 quamvis
1821 2629 1944 2668 non

364 2700 437 2757 sit
464 2700 670 2777 gravis,
704 2700 797 2777 (ut
822 2700 1060 2758 memini
1089 2701 1392 2776 Catonem,
1422 2700 1578 2763 anno
1607 2715 1740 2763 ante
1768 2724 1944 2781 quam

179 2834 185 2842 .
270 2799 335 2849 25
363 2807 621 2855 mortuus
647 2807 753 2869 est,
784 2817 1011 2855 mecum
1051 2808 1112 2855 et
1153 2818 1284 2857 curn
1321 2800 1597 2877 Scipione
1625 2802 1944 2884 disserere)

360 2904 555 2952 tamen
597 2894 779 2953 aufert
818 2914 946 2952 eam
980 2895 1346 2970 viriditatem,
1377 2898 1436 2956 in
1469 2900 1583 2976 qua
1620 2900 1944 2959 etiamnum

362 3000 485 3047 erat
512 2992 730 3067 Scipio.

437 3085 837 3149 Quamobrem
856 3090 977 3149 vita
998 3089 1233 3167 quidem
1260 3092 1390 3151 talis
1417 3092 1544 3166 fuit,
1565 3094 1654 3151 vel
1683 3093 1944 3169 fortuna,
