2084 3517
279 271 392 332 104
673 283 947 340 LAELIUS,
985 279 1134 327 erE
1174 280 1261 327 m:
1305 279 1617 327 Amcrrm.

361 429 623 488 Callidus
666 429 762 487 ille
795 439 853 486 et
879 430 1146 486 occultus
1172 447 1247 487 ne
1290 445 1353 486 se
1381 429 1651 500 insinuet,
1682 425 1953 486 studiose

361 527 681 585 cavendum
729 536 852 582 est:
895 545 1008 584 nec
1056 526 1213 583 enim
1262 525 1537 583 facillime
1585 525 1949 602 agnoscitur,

358 624 566 701 quippe
594 623 692 698 qui
720 622 895 680 etiam
925 621 1277 680 adversando
1300 641 1448 698 saepe
1480 632 1798 680 assentetur
1814 643 1829 691 ;
1860 632 1947 694 et,

358 719 584 796 litigare
613 739 674 776 se
715 719 1011 791 simulanS,
1041 719 1388 790 blandiatur,
1420 729 1611 793 atque=
1640 719 1710 776 ad
1756 729 1951 778 extre-

298 822 332 871 5
359 835 516 872 mum
543 816 644 874 det
685 836 908 887 manus,
938 816 1206 890 vincique
1234 834 1297 872 se
1322 815 1605 892 patiatur3
1648 825 1713 872 ut
1741 816 1809 887 is,
1842 816 1949 892 qui

358 911 559 970 illusus
605 913 699 984 sit,
742 913 871 989 plus
916 912 1127 970 vidisse
1170 913 1447 970 videatur.
1528 911 1696 973 Quid
1746 923 1949 970 autem

357 1006 600 1086 turpius,
639 1029 808 1084 quam
851 1010 1057 1068 illudi?
1136 1008 1318 1070 Quod
1358 1027 1434 1066 ne
1476 1009 1724 1081 accidat,
1754 1008 1949 1086 magis

359 1107 679 1164 cavendum
706 1117 812 1178 est,
841 1116 903 1164 ut
931 1105 990 1163 in
1034 1111 1071 1138 “
1098 1105 1404 1182 Epiclero:
1428 1107 1463 1134 ”

480 1275 513 1302 ‘⁴
539 1271 701 1320 Hodie
723 1286 822 1332 me,
845 1277 958 1320 ante
982 1285 1156 1318 omnes
1178 1271 1394 1318 comicos
1416 1271 1593 1319 stultos
1615 1286 1781 1334 senes,

268 1342 330 1392 10
538 1351 764 1402 versaris
786 1359 931 1415 atque
955 1352 1133 1400 luseris
1155 1352 1481 1400 lautissime.’'

359 1488 507 1548 Haec
549 1488 704 1547 enim
747 1489 918 1546 etiam
970 1488 1029 1546 in
1060 1488 1267 1546 sabulis
1312 1487 1650 1546 stultissima
1688 1508 1945 1564 persona

357 1597 445 1644 est
491 1586 933 1662 improvidorum
981 1594 1039 1642 et
1086 1585 1451 1642 credulorum
1494 1603 1713 1643 senum.
1798 1587 1941 1659 Sed,

355 1681 556 1740 nescio
585 1700 698 1755 quo
724 1691 916 1756 pacto,
942 1682 1013 1738 ab
1044 1681 1314 1738 amicitiis
1338 1680 1728 1756 perfectorum
1756 1682 1943 1740 homi-

355 1793 514 1848 num,
545 1776 602 1833 id
641 1786 747 1847 est,
787 1775 1151 1850 sapientium,
1183 1775 1282 1853 (de
1319 1777 1429 1833 hac
1474 1778 1605 1836 dico
1652 1779 1940 1854 sapientia

265 1889 328 1940 15
357 1890 484 1946 quae
511 1871 734 1929 videtur
763 1871 823 1929 in
852 1871 1146 1928 hominem
1194 1872 1402 1929 cadere
1437 1875 1633 1954 posse)
1666 1874 1738 1930 ad
1782 1875 1941 1932 leves

357 1967 640 2027 amicitias
675 1968 906 2027 deflexit
946 1968 1148 2027 oratio,
1242 1968 1687 2042 Quamobrem„
1720 1971 1791 2028 ad
1840 1972 1941 2029 illa

353 2067 540 2142 prima
583 2067 902 2139 redeamus,
945 2085 1129 2142 eaque
1183 2067 1306 2142 ipsa
1368 2066 1783 2125 concludamus
1840 2069 1940 2126 ali-

354 2163 601 2240 quando,

431 2353 692 2413 XXVII.
776 2357 994 2428 Virtus,
1039 2356 1237 2428 virtue,
1294 2356 1546 2432 inquam,
1602 2357 1670 2414 C.
1720 2357 1935 2430 Fanni,

261 2463 325 2514 20
353 2459 411 2507 et
451 2460 534 2521 tu,
569 2450 648 2512 Q.
697 2451 880 2524 Muci,
925 2463 983 2510 et
1025 2453 1301 2510 conciliat
1351 2453 1651 2525 amicitias,
1688 2443 1754 2511 'et
1798 2473 1937 2510 con-

351 2556 552 2604 servat.
633 2546 704 2604 In
751 2548 820 2604 ea
860 2558 948 2606 est
983 2549 1139 2606 enim
1190 2536 1593 2608 convenientia
1631 2569 1844 2622 rerum,
1873 2550 1935 2608 in

352 2643 424 2700 ea
451 2643 752 2716 stabilitas,
798 2644 858 2701 in
902 2643 973 2700 ea
1027 2645 1371 2702 constantia.
1464 2644 1621 2706 Quae
1680 2664 1815 2703 cum
1868 2665 1935 2703 se

352 2739 574 2811 extulit,
598 2749 656 2796 et
683 2739 937 2798 ostendit
963 2740 1157 2798 lumen
1188 2759 1375 2813 suum,
1404 2751 1463 2798 et
1489 2741 1642 2799 idem
1674 2743 1935 2817 adspexit

354 2836 692 2914 agnovitque
720 2837 780 2894 in
810 2837 942 2910 alio,
975 2837 1046 2895 ad
1074 2838 1132 2895 id
1162 2855 1223 2895 se
1253 2838 1533 2911 admovet,
1564 2840 1931 2916 vicissimque

257 2933 324 2984 25
354 2932 566 3008 accipit
608 2933 769 3007 illud,
803 2934 957 3010 quod
999 2935 1061 2992 in
1096 2934 1273 2994 altero
1314 2945 1438 2993 est:
1482 2953 1554 2993 ex
1580 2953 1695 3011 quo
1727 2956 1933 2995 eorum

349 3027 673 3088 exardescit
711 3027 835 3089 sive
873 3049 1054 3104 amor,
1101 3031 1223 3090 sive
1270 3029 1561 3111 amicitia:
1622 3041 1932 3109 utrumque
