2084 3517
242 225 323 284 ⁶8
657 240 930 298 mmm,
960 239 1110 286 slvr:
1147 238 1235 285 nn
1275 236 1584 287 Amcrrm.

413 388 857 465 Agrigentinum
906 390 1158 465 quidem,
1201 390 1435 448 doctum
1485 388 1770 464 quendam
1827 384 1924 443 vi-

335 503 483 556 rum,
512 486 861 541 carminibus
886 487 1110 543 Graecis
1135 486 1507 543 vaticinatum
1538 485 1748 555 ferunt,
1781 501 1924 557 quae

338 580 399 637 in
426 600 613 639 rerum
642 583 847 638 natura
873 592 1112 656 totoque
1139 582 1356 639 mundo
1384 590 1735 650 constarent,
1757 598 1926 654 quae·

333 694 449 750 que
489 688 871 749 moverentur,
916 697 987 734 ea
1024 678 1364 735 contrahere
1409 676 1744 745 amicitiam,
1799 675 1926 730 dis-

274 779 309 827 5
336 773 521 847 sipare
562 772 925 831 discordiam.
1011 775 1205 848 Atque
1259 773 1373 829 hoc
1426 773 1654 847 quidem
1706 789 1923 827 omnes

334 869 603 939 mpnales
628 880 687 926 et
712 869 1062 946 intelligunt,
1091 879 1150 926 et
1175 889 1238 925 re
1264 870 1525 944 probant.
1609 868 1833 942 Itaque,
1863 867 1922 922 si

334 966 564 1040 quando
586 966 816 1041 aliquod
838 966 1090 1023 officium
1113 967 1328 1023 exstitit
1349 965 1521 1022 amici
1548 965 1609 1021 in
1635 964 1924 1039 periculis

338 1071 436 1119 aut
477 1063 755 1120 adeundis
796 1074 893 1119 aut
934 1061 1452 1132 communicandis,
1497 1062 1626 1135 quis
1665 1070 1774 1131 est,
1815 1059 1922 1134 qui

337 1157 397 1215 id
424 1177 542 1216 non
570 1159 831 1215 maximis
858 1160 1056 1215 efferat
1083 1159 1394 1215 laudibus?
1472 1157 1599 1218 Qui
1627 1157 1923 1213 clamores

246 1254 308 1305 10
337 1253 459 1313 tota
498 1254 674 1311 caveai.
726 1274 907 1329 nuper
950 1254 1009 1311 in
1051 1254 1293 1329 hospitis
1333 1264 1392 1310 et
1433 1252 1604 1309 amici
1645 1252 1781 1323 mei,
1827 1250 1917 1308 M.

336 1349 593 1422 Pacuvii,
622 1350 771 1407 nova
799 1350 993 1408 sabula
1011 1371 1025 1420 3
1071 1370 1224 1421 cum,
1255 1350 1556 1427 ignorante
1595 1366 1754 1425 rege,
1786 1359 1922 1406 uter

337 1464 537 1504 eorum
584 1457 735 1504 esset
780 1447 1036 1519 OresteS,
1082 1447 1326 1522 Pylades
1365 1445 1633 1502 Orestem
1675 1464 1738 1501 se
1785 1464 1920 1501 esse

337 1542 576 1614 diceret,
606 1554 669 1601 ut
693 1562 799 1619 pro
826 1544 925 1601 illo
950 1554 1286 1611 necaretur;
1328 1541 1568 1598 Orestes
1597 1552 1808 1613 autem,
1835 1541 1922 1597 ita

338 1648 401 1694 ut
428 1648 569 1709 erat,
598 1638 863 1696 Orestem
906 1658 967 1694 se
1008 1658 1134 1694 esse
1167 1638 1591 1713 perseveraret!
1677 1638 1919 1693 Stantes

247 1736 309 1785 15
338 1732 687 1808 plaudebant
727 1733 787 1788 in
827 1751 891 1788 re
930 1732 1105 1789 ficta:
1149 1732 1286 1805 quid
1319 1732 1658 1789 arbitramur
1685 1732 1748 1788 in
1777 1732 1918 1787 vera

340 1826 515 1885 fuisse
561 1827 851 1884 facturos?
947 1828 1147 1884 Facile
1195 1827 1490 1885 indicabat
1535 1828 1660 1903 ipsa
1705 1837 1920 1885 natura

339 1922 453 1981 vim
494 1942 674 1994 suam,
717 1942 851 1981 cum
891 1922 1173 1994 homines,
1216 1924 1369 1997 quod
1411 1924 1601 1979 facere
1642 1923 1752 1999 ipsi
1791 1942 1917 1980 non

336 2028 587 2093 possent,
616 2018 675 2075 id
703 2028 859 2075 recte
888 2018 1010 2075 fieri
1040 2018 1100 2074 in
1132 2018 1310 2075 altero
1331 2018 1673 2093 judicarent.

418 2114 719 2172 Hactenus
758 2115 899 2173 mihi
934 2116 1149 2185 videor,
1179 2115 1252 2170 de
1283 2114 1538 2171 amicitia
1570 2114 1707 2188 quid
1741 2114 1918 2171 senti-

246 2212 311 2262 2⁰
339 2228 481 2280 rem,
501 2210 755 2285 potuisse
776 2210 985 2268 dicere.
1057 2210 1236 2285 Siqua
1255 2220 1530 2285 praeterea
1553 2220 1686 2267 sunt
1710 2210 1918 2286 (credo

342 2313 532 2361 autem
572 2324 697 2361 esse
739 2306 966 2385 multa),
1003 2308 1074 2363 ab
1112 2306 1202 2376 iis,
1241 2306 1288 2361 si
1327 2306 1630 2377 videbitur,
1664 2306 1762 2380 qui
1804 2306 1918 2363 ista

340 2398 651 2473 disputant,
682 2402 995 2475 quaeritote.

418 2494 699 2553 Fannius.
782 2496 909 2553 Nos
944 2507 1134 2555 autem
1167 2517 1200 2554 a
1224 2508 1282 2554 te
1313 2498 1506 2572 potius
1524 2518 1538 2567 ;
1582 2516 1913 2573 quanquam

340 2590 511 2647 etiam
544 2592 613 2647 ab
641 2591 764 2648 istis
786 2610 935 2666 saepe
958 2594 1210 2667 quaesivi,
1233 2603 1290 2649 et
1321 2594 1530 2664 audivi,
1553 2612 1670 2650 non
1700 2594 1914 2650 invitus

245 2696 310 2747 25
341 2687 602 2763 equidem
635 2708 647 2745 :
696 2688 799 2745 sed
848 2688 1003 2745 aliud
1050 2688 1338 2763 quoddam
1385 2690 1704 2765 expetimus
1751 2690 1913 2746 filum

334 2783 615 2843 orationis
642 2793 771 2843 tuae.

416 2878 686 2939 Soanda.
769 2880 928 2939 Tum
974 2882 1158 2958 magis
1213 2881 1271 2938 id
1319 2882 1563 2953 diceres,
1613 2880 1822 2951 Fanni,
1860 2880 1910 2937 si

338 2991 520 3050 nuper
560 2976 620 3035 in
661 2977 839 3038 hortis
880 2977 1190 3054 Scipionis,
1229 2996 1363 3037 cum
1390 2988 1478 3037 est
1503 2978 1578 3035 de
1615 2976 1912 3054 republica
