2084 3517
297 274 378 336 3⁰
871 286 1053 336 mro
1086 287 1318 349 mon,
1354 287 1481 338 ssu

387 445 564 508 ceret,
606 445 668 494 ut
707 431 768 494 id
821 451 941 494 non
994 437 1220 510 liberet,
1272 437 1427 514 quod
1479 454 1599 494 non
1648 446 1952 512 oporteret.

384 532 632 608 Impedit
656 533 826 590 enim
852 534 1163 592 >consilium
1190 535 1468 611 voluptas,
1510 534 1721 592 rationi
1762 535 1959 592 inimi·
2056 542 2058 620 4

385 649 482 700 ca3
513 647 582 688 ac
609 629 818 688 mentis
848 629 940 708 (ut
968 631 1050 690 ita
1076 632 1295 711 dicam)
1341 631 1691 708 praestringit
1716 631 1953 702 oculos3
2056 635 2058 728 ᾗ

382 743 492 783 nec
520 726 692 784 habet
718 727 898 786 ullum
939 747 1073 786 cum
1102 729 1309 786 virtute
1345 728 1773 786 commercium.
1857 727 1955 786 In·
2056 731 2058 806 1

316 838 353 885 5
379 823 528 882 vitus
553 823 786 898 quidem
814 824 948 896 feci,
977 834 1040 882 ut
1069 823 1365 882 fortissimi
1392 823 1497 881 viri
1526 823 1601 882 T.
1633 823 1952 883 Flaminini
2056 813 2058 818 ¹

379 920 630 992 fratrem,
685 917 752 979 L.
821 920 1235 992 Flamininum,
1286 939 1321 978 e
1386 929 1589 978 senatu
1656 920 1950 996 ejicerem,

375 1027 599 1092 septem
669 1017 834 1074 annis
898 1026 1200 1092 postquam
1268 1017 1470 1074 consul
1540 1016 1773 1074 fuisset:
1846 1016 1951 1074 sed

375 1113 686 1173 notandam
738 1113 934 1188 putavi
985 1112 1304 1170 libidinem.
1414 1111 1522 1168 Ille
1576 1113 1753 1184 enim,
1812 1131 1949 1172 cum

372 1218 524 1270 esset
563 1210 786 1281 consul,
829 1208 889 1266 in
929 1209 1121 1270 Gallia
1174 1198 1443 1274 exoratus
1480 1209 1541 1268 in
1596 1210 1861 1268 convivio
1917 1229 1951 1268 a
2058 1159 2060 1244 ⁴

283 1305 344 1354 10
369 1314 562 1362 scorto
601 1315 708 1377 est,
751 1315 814 1362 ut
852 1305 1045 1362 securi
1083 1305 1277 1363 feriret
1319 1305 1561 1380 aliquem
1600 1324 1818 1376 eorum,
1848 1308 1949 1381 qui

373 1401 434 1458 in
473 1401 720 1459 vinculis
759 1411 971 1474 essent,
1014 1401 1269 1460 damnati
1316 1402 1403 1460 rei
1442 1401 1718 1477 capitalis,
1802 1401 1947 1474 Hic,

372 1499 532 1571 Tito,
563 1499 734 1560 fratre
761 1519 886 1572 suo,
917 1517 1179 1571 censore,
1211 1497 1335 1575 (qui
1373 1499 1663 1574 proximus
1693 1507 1824 1556 ante
1853 1517 1949 1556 me

371 1596 582 1674 fuerat)
625 1596 853 1672 elapsus
893 1607 1012 1654 est:
1056 1595 1198 1654 mihi
1237 1613 1371 1652 vero
1414 1605 1471 1652 et
1511 1595 1725 1658 Flacco
1760 1596 1949 1652 neuti-

369 1709 540 1764 quam
565 1692 796 1765 probari
822 1692 1010 1766 potuit
1035 1701 1153 1748 tam
1176 1689 1461 1766 flagitiosa
1488 1700 1547 1747 et
1574 1700 1687 1748 tam
1716 1691 1948 1767 perdita

281 1796 340 1844 15
369 1786 568 1857 libido,
610 1805 738 1862 quae
779 1805 910 1844 cum
937 1787 1149 1861 probro
1174 1786 1397 1861 privato
1437 1786 1813 1864 conjungeret
1841 1788 1947 1846 im-

367 1881 513 1966 perii
541 1882 810 1940 dedecus,

1310 2022 1336 2055 J

446 2076 616 2138 XIII.
701 2078 868 2153 Saepe
911 2077 1101 2140 audivi
1142 2095 1189 2134 a⁴
1216 2076 1524 2152 majoribus
1564 2086 1721 2147 natu,
1752 2077 1943 2152 quise

364 2193 538 2250 porro
576 2193 786 2249 pueros
830 2195 864 2232 a
889 2175 1123 2232 senibus
1168 2173 1394 2232 audisse
1422 2173 1713 2244 dicebant,
1743 2174 1941 2232 mirari

271 2281 338 2330 20
367 2271 597 2326 solitum
639 2269 706 2328 C.
752 2269 1105 2342 Fabricium,
1150 2270 1321 2345 quod,
1366 2287 1499 2332 cum
1542 2270 1691 2344 apud
1740 2289 1938 2346 regem

365 2366 648 2440 Pyrrhum
711 2366 936 2442 legatus
1001 2375 1173 2436 esset,
1232 2363 1485 2422 audisset
1552 2385 1585 2422 a
1649 2365 1941 2423 Thessalo

366 2461 572 2532 Cinea,
603 2480 728 2518 esse
755 2463 1059 2537 quemdam
1087 2461 1354 2532 Athenis,
1384 2460 1481 2536 qui
1516 2480 1578 2517 se
1618 2461 1940 2534 sapientem

363 2557 751 2633 profiteretur-3
795 2576 1038 2632 eumque
1066 2557 1282 2627 dicere,
1313 2557 1525 2627 omnia,
1554 2575 1679 2631 quae
1722 2555 1940 2615 facere-

364 2673 512 2725 mus,
544 2654 614 2712 ad
641 2653 986 2728 voluptatem
1028 2673 1155 2710 esse
1194 2653 1527 2713 referenda:
1570 2653 1724 2726 quod
1751 2672 1822 2710 ex
1863 2673 1937 2712 eo

267 2752 334 2802 25
365 2752 681 2822 audientes,
704 2749 786 2806 M'
809 2749 1051 2807 Curium
1079 2759 1137 2806 et
1164 2748 1260 2807 Ti.
1282 2749 1713 2808 Coruncanium
1736 2761 1937 2826 optare

363 2849 580 2920 solitos,
609 2856 673 2904 ut
710 2846 770 2903 id
813 2848 1169 2905 Samnitibus
1208 2847 1429 2923 ipsique
1458 2846 1679 2922 Pyrrho
1704 2867 1936 2924 persua-

364 2942 592 3002 deretur
609 2964 624 3014 ;
691 2961 806 3020 quo
862 2943 1091 3002 facilius
1146 2943 1302 3002 vinci
1368 2952 1623 3020 possent,
1680 2964 1815 3006 cum
1871 2963 1935 3002 se

360 3039 1083 3114 voluptatibusdedissent,
1165 3040 1405 3102 Vixerat
1443 3041 1525 3100 Μ’
1546 3042 1760 3103 Curius
1800 3061 1933 3100 cum
