2084 3517
640 308 725 355 nn
765 308 1168 357 sannorum.
1692 294 1774 354 29

104 452 413 531 flagitium,
468 454 641 513 nullis
710 456 836 513 aliis
902 441 1188 515 illecebris
1251 452 1513 527 excitari,
1565 454 1678 512 nisi

103 552 431 626 voluptatis
516 552 782 627 Cumque
848 553 1067 610 homini
1134 554 1252 611 sive
1279 562 1503 624 natura,
1560 552 1680 610 sive

99 648 237 722 quis
290 648 472 719 Deus,
523 648 667 706 nihil
723 659 915 706 mente
968 650 1346 725 praestabilius
1391 649 1676 719 dedisset3

102 744 246 802 huic
274 745 474 801 divino
501 746 726 802 muneri
776 764 846 803 ac
873 746 1027 802 dono
1075 745 1220 802 nihil
1261 764 1386 803 esse
1428 756 1542 804 tam
1573 746 1680 804 ini-

100 841 345 912 micum,
378 861 549 916 quam
594 842 961 917 voluptatem.
1044 840 1180 899 Nec
1207 842 1384 914 enim,
1431 842 1676 901 libidine
1707 856 1742 903 5

99 937 462 1009 dominante,
530 937 923 1013 temperantias
990 938 1188 996 locum
1255 956 1423 1009 esse3
1491 958 1678 1015 neque

98 1035 344 1091 omnino
386 1035 447 1091 in
475 1034 781 1110 voluptatis
818 1052 1000 1112 regno
1040 1034 1308 1093 virtutem
1346 1052 1516 1110 posse
1544 1054 1680 1093 con·

100 1131 325 1189 sistere.
406 1131 587 1193 Quod
628 1150 742 1206 quo
796 1132 979 1208 magis
1022 1132 1267 1209 intelligi
1314 1141 1527 1207 posset,
1577 1132 1680 1189 fin-

102 1246 241 1303 gere
298 1227 493 1285 animo
545 1228 801 1303 jubebat,
856 1228 1018 1285 tanta
1073 1229 1376 1286 incitatum
1431 1228 1676 1304 aliquem

102 1323 395 1399 voluptate
436 1323 706 1399 corporis,
746 1334 959 1399 quanta
1008 1324 1230 1400 percipi
1275 1334 1470 1400 posset
1523 1344 1676 1382 max-
1708 1324 1770 1373 10

102 1419 233 1477 ima.
318 1419 559 1477 Nemini
602 1422 874 1477 censebat
914 1419 1033 1477 fore
1071 1421 1328 1491 dubium,
1358 1420 1496 1495 quin
1535 1430 1678 1477 tam-

103 1516 223 1587 diu,
254 1516 395 1573 dum
422 1516 504 1573 ita
530 1516 827 1593 gauderet,
856 1515 1001 1573 nihil
1047 1516 1264 1592 agitare
1289 1524 1502 1586 mente,
1531 1515 1675 1571 nihil

102 1612 348 1683 ratione,
379 1612 524 1669 nihil
554 1612 905 1689 cogitatione
947 1612 1244 1688 consequi,
1271 1621 1498 1687 posset:
1541 1630 1680 1687 quo-

104 1708 265 1765 circa
290 1708 437 1765 nihil
476 1727 603 1765 esse
642 1718 757 1765 tam
797 1708 1153 1780 detestabile,
1183 1717 1410 1783 tamque
1448 1707 1678 1783 pestife-

102 1824 250 1877 rum,
280 1824 453 1880 quam
482 1806 862 1882 voluptatem3
904 1805 1186 1881 siquidem
1215 1824 1304 1876 ea,
1335 1824 1468 1861 cum
1496 1805 1676 1880 major
1709 1812 1770 1861 15
1854 1840 1858 1843 -

103 1913 255 1961 esset
296 1912 466 1977 atque
505 1902 753 1979 longior,
795 1920 968 1959 omne
1012 1901 1188 1958 animi
1227 1901 1424 1957 lumen
1468 1899 1678 1957 exstin-

102 2008 323 2075 gueret.
434 1998 579 2055 Haec
620 2017 755 2055 cum
809 1997 877 2055 C.
920 1997 1132 2055 Pontio
1174 1996 1434 2053 Samnite
1489 1994 1678 2071 (patre

102 2096 247 2171 ejus,
292 2114 325 2153 a
360 2114 495 2171 qu0‚
526 2095 798 2152 Caudino
825 2093 1047 2169 proelio,
1079 2094 1177 2167 Sp.
1219 2090 1569 2161 PostumiuS,
1599 2090 1674 2149 Τ.

101 2192 400 2263 Veturius,
444 2190 731 2261 consuleS,
774 2188 1025 2265 superati
1069 2188 1228 2267 sunt)
1270 2188 1528 2244 locutum
1568 2186 1680 2243 Ar-

104 2288 357 2363 chytam,
412 2287 719 2345 Nearchus
771 2285 1148 2356 Tarentinae,
1203 2285 1408 2359 hospes
1461 2293 1677 2356 noster,
1707 2300 1772 2351 20

106 2382 231 2459 (qui
263 2384 323 2439 in
354 2382 613 2440 amicitia
636 2382 835 2459 populi
876 2380 1136 2438 Romani
1163 2380 1584 2459 permanserat)
1615 2399 1678 2437 se

106 2499 140 2535 a
164 2480 479 2556 majoribus
506 2490 646 2537 natu
676 2479 971 2554 accepisse
999 2477 1251 2549 dicebat,
1282 2495 1416 2535 cum
1445 2476 1678 2551 quidem

104 2576 157 2632 ei
183 2566 441 2634 sermoni
471 2576 821 2633 interfuisset
861 2575 1027 2633 Plato
1056 2574 1465 2643 Atheniensis3
1507 2592 1680 2649 quem

104 2670 425 2729 Tarentum
468 2672 713 2743 venisse,
756 2672 822 2731 L.
856 2671 1136 2743 camillo,
1179 2670 1374 2745 Appio
1429 2666 1679 2725 Claudio

106 2768 461 2841 consulibua,
490 2770 735 2845 reperio·
1406 2778 1409 2781 ’
1709 2766 1776 2816 25

178 2863 485 2928 Quorsum
527 2866 693 2924 haec'l
734 2876 799 2925 ut
838 2864 1194 2942 intelligatis,
1237 2863 1288 2921 si
1329 2861 1680 2935 voluptatem

106 2961 439 3039 adspernari
495 2962 719 3020 ratione
766 2974 825 3021 et
870 2962 1152 3039 sapientia
1199 2978 1318 3017 non
1363 2972 1680 3033 possemus,

104 3076 375 3139 magnam
416 3058 741 3118 habendam
778 3057 1078 3117 senectutiu
1107 3057 1372 3135 gratiam,
1412 3070 1538 3128 quae
1565 3050 1684 3109 effi-

579 3154 621 3211 3
636 3152 673 3189 a
