<?xml version="1.0" encoding="UTF-8"?>
<!DOCTYPE html PUBLIC "-//W3C//DTD XHTML 1.0 Transitional//EN"
    "http://www.w3.org/TR/xhtml1/DTD/xhtml1-transitional.dtd">
<html xmlns="http://www.w3.org/1999/xhtml" xml:lang="en" lang="en">
 <head>
  <title>
</title>
<meta http-equiv="Content-Type" content="text/html;charset=utf-8" />
  <meta name='ocr-system' content='tesseract 3.04.00' />
  <meta name='ocr-capabilities' content='ocr_page ocr_carea ocr_par ocr_line ocrx_word'/>
</head>
<body>
  <div class='ocr_page' id='page_1' title='image "./desenectuteetde00dillgoog_0101.png"; bbox 0 0 2084 3517; ppageno 0'>
   <div class='ocr_carea' id='block_1_1' title="bbox 296 299 1673 368">
    <p class='ocr_par' dir='ltr' id='par_1_1' title="bbox 296 299 1673 368">
     <span class='ocr_line' id='line_1_1' title="bbox 296 299 1673 368; baseline -0.003 -10"><span class='ocrx_word' id='word_1_1' title='bbox 296 299 379 358; x_wconf 84' lang='grc'><strong>96</strong></span> <span class='ocrx_word' id='word_1_2' title='bbox 720 309 997 368; x_wconf 75' lang='lat' dir='ltr'><strong>LAELIUS,</strong></span> <span class='ocrx_word' id='word_1_3' title='bbox 1035 309 1186 356; x_wconf 79' lang='lat' dir='ltr'><strong>srvn</strong></span> <span class='ocrx_word' id='word_1_4' title='bbox 1225 309 1314 356; x_wconf 80' lang='lat' dir='ltr'><strong>nn</strong></span> <span class='ocrx_word' id='word_1_5' title='bbox 1354 307 1673 355; x_wconf 72' lang='lat' dir='ltr'><strong>micrru.</strong></span> 
     </span>
    </p>
   </div>
   <div class='ocr_carea' id='block_1_2' title="bbox 300 455 2041 2577">
    <p class='ocr_par' dir='ltr' id='par_1_2' title="bbox 392 455 1996 826">
     <span class='ocr_line' id='line_1_2' title="bbox 392 455 1996 534; baseline -0.001 -18"><span class='ocrx_word' id='word_1_6' title='bbox 392 469 579 534; x_wconf 83' lang='lat' dir='ltr'><strong>potest</strong></span> <span class='ocrx_word' id='word_1_7' title='bbox 603 479 617 515; x_wconf 75' lang='grc' dir='ltr'>ι</span> <span class='ocrx_word' id='word_1_8' title='bbox 680 477 812 518; x_wconf 88' lang='lat' dir='ltr'><strong>cum</strong></span> <span class='ocrx_word' id='word_1_9' title='bbox 868 459 1136 517; x_wconf 87' lang='lat' dir='ltr'><strong>homines</strong></span> <span class='ocrx_word' id='word_1_10' title='bbox 1189 457 1595 516; x_wconf 60' lang='lat' dir='ltr'><strong>benevolentia</strong></span> <span class='ocrx_word' id='word_1_11' title='bbox 1663 455 1996 532; x_wconf 85' lang='lat' dir='ltr'><strong>conjuncti,</strong></span> 
     </span>
     <span class='ocr_line' id='line_1_3' title="bbox 392 553 1993 632; baseline -0.002 -19"><span class='ocrx_word' id='word_1_12' title='bbox 392 557 641 632; x_wconf 83' lang='lat' dir='ltr'><strong>primum</strong></span> <span class='ocrx_word' id='word_1_13' title='bbox 668 555 1086 631; x_wconf 78' lang='lat' dir='ltr'><strong>cupiditatibus</strong></span> <span class='ocrx_word' id='word_1_14' title='bbox 1127 556 1218 628; x_wconf 84' lang='lat' dir='ltr'><strong>iis,</strong></span> <span class='ocrx_word' id='word_1_15' title='bbox 1247 556 1457 631; x_wconf 85' lang='lat' dir='ltr'><strong>quibus</strong></span> <span class='ocrx_word' id='word_1_16' title='bbox 1477 553 1676 612; x_wconf 83' lang='lat' dir='ltr'><strong>caeteri</strong></span> <span class='ocrx_word' id='word_1_17' title='bbox 1705 553 1993 624; x_wconf 86' lang='lat' dir='ltr'><strong>serviunt,</strong></span> 
     </span>
     <span class='ocr_line' id='line_1_4' title="bbox 394 649 1995 728; baseline -0.002 -20"><span class='ocrx_word' id='word_1_18' title='bbox 394 652 776 727; x_wconf 88' lang='lat' dir='ltr'><strong>imperabunt,</strong></span> <span class='ocrx_word' id='word_1_19' title='bbox 824 651 1037 710; x_wconf 87' lang='lat' dir='ltr'><strong>deinde</strong></span> <span class='ocrx_word' id='word_1_20' title='bbox 1090 653 1354 728; x_wconf 63' lang='lat' dir='ltr'><strong>nequitate</strong></span> <span class='ocrx_word' id='word_1_21' title='bbox 1388 650 1732 727; x_wconf 63' lang='lat' dir='ltr'><strong>justitiaque</strong></span> <span class='ocrx_word' id='word_1_22' title='bbox 1778 649 1995 726; x_wconf 82' lang='lat' dir='ltr'><strong>gaude·</strong></span> 
     </span>
     <span class='ocr_line' id='line_1_5' title="bbox 394 747 1993 826; baseline -0.003 -21"><span class='ocrx_word' id='word_1_23' title='bbox 394 749 571 819; x_wconf 82' lang='lat' dir='ltr'><strong>bunt3</strong></span> <span class='ocrx_word' id='word_1_24' title='bbox 612 750 918 826; x_wconf 84' lang='lat' dir='ltr'><strong>omniaque</strong></span> <span class='ocrx_word' id='word_1_25' title='bbox 941 750 1084 808; x_wconf 91' lang='lat' dir='ltr'><strong>alter</strong></span> <span class='ocrx_word' id='word_1_26' title='bbox 1111 769 1217 826; x_wconf 91' lang='lat' dir='ltr'><strong>pro</strong></span> <span class='ocrx_word' id='word_1_27' title='bbox 1245 749 1426 806; x_wconf 80' lang='lat' dir='ltr'><strong>altero</strong></span> <span class='ocrx_word' id='word_1_28' title='bbox 1453 747 1770 825; x_wconf 79' lang='lat' dir='ltr'><strong>suscipiet3</strong></span> <span class='ocrx_word' id='word_1_29' title='bbox 1805 764 1993 821; x_wconf 89' lang='lat' dir='ltr'><strong>neque</strong></span> 
     </span>
    </p>

    <p class='ocr_par' dir='ltr' id='par_1_3' title="bbox 328 843 1988 1294">
     <span class='ocr_line' id='line_1_6' title="bbox 328 843 1988 922; baseline -0.002 -18"><span class='ocrx_word' id='word_1_30' title='bbox 328 866 362 914; x_wconf 86' lang='lat'><strong>5</strong></span> <span class='ocrx_word' id='word_1_31' title='bbox 393 846 701 922; x_wconf 83' lang='lat' dir='ltr'><strong>quidquam</strong></span> <span class='ocrx_word' id='word_1_32' title='bbox 720 867 993 922; x_wconf 88' lang='lat' dir='ltr'><strong>unquam,</strong></span> <span class='ocrx_word' id='word_1_33' title='bbox 1016 847 1130 905; x_wconf 87' lang='lat' dir='ltr'><strong>nisi</strong></span> <span class='ocrx_word' id='word_1_34' title='bbox 1158 847 1462 905; x_wconf 87' lang='lat' dir='ltr'><strong>honestum</strong></span> <span class='ocrx_word' id='word_1_35' title='bbox 1486 855 1544 902; x_wconf 92' lang='lat' dir='ltr'><strong>et</strong></span> <span class='ocrx_word' id='word_1_36' title='bbox 1569 855 1827 916; x_wconf 86' lang='lat' dir='ltr'><strong>rectum,</strong></span> <span class='ocrx_word' id='word_1_37' title='bbox 1853 843 1988 900; x_wconf 80' lang='lat' dir='ltr'><strong>alter</strong></span> 
     </span>
     <span class='ocr_line' id='line_1_7' title="bbox 394 941 1988 1022; baseline -0.003 -21"><span class='ocrx_word' id='word_1_38' title='bbox 394 945 467 1001; x_wconf 81' lang='lat' dir='ltr'><strong>ab</strong></span> <span class='ocrx_word' id='word_1_39' title='bbox 496 946 677 1002; x_wconf 79' lang='lat' dir='ltr'><strong>altero</strong></span> <span class='ocrx_word' id='word_1_40' title='bbox 700 946 1011 1022; x_wconf 79' lang='lat' dir='ltr'><strong>postulabit</strong></span> <span class='ocrx_word' id='word_1_41' title='bbox 1034 965 1048 1003; x_wconf 76' lang='grc' dir='ltr'>ε</span> <span class='ocrx_word' id='word_1_42' title='bbox 1091 963 1280 1020; x_wconf 90' lang='lat' dir='ltr'><strong>neque</strong></span> <span class='ocrx_word' id='word_1_43' title='bbox 1307 943 1494 1000; x_wconf 86' lang='lat' dir='ltr'><strong>solum</strong></span> <span class='ocrx_word' id='word_1_44' title='bbox 1516 961 1578 999; x_wconf 87' lang='lat' dir='ltr'><strong>se</strong></span> <span class='ocrx_word' id='word_1_45' title='bbox 1607 942 1813 1000; x_wconf 88' lang='lat' dir='ltr'><strong>colent</strong></span> <span class='ocrx_word' id='word_1_46' title='bbox 1843 941 1988 998; x_wconf 88' lang='lat' dir='ltr'><strong>inter</strong></span> 
     </span>
     <span class='ocr_line' id='line_1_8' title="bbox 392 1036 1986 1120; baseline -0.004 -20"><span class='ocrx_word' id='word_1_47' title='bbox 392 1061 476 1114; x_wconf 86' lang='lat' dir='ltr'><strong>se,</strong></span> <span class='ocrx_word' id='word_1_48' title='bbox 506 1061 575 1100; x_wconf 88' lang='lat' dir='ltr'><strong>ac</strong></span> <span class='ocrx_word' id='word_1_49' title='bbox 604 1043 864 1120; x_wconf 84' lang='lat' dir='ltr'><strong>diligent,</strong></span> <span class='ocrx_word' id='word_1_50' title='bbox 887 1043 988 1100; x_wconf 87' lang='lat' dir='ltr'><strong>sed</strong></span> <span class='ocrx_word' id='word_1_51' title='bbox 1016 1042 1194 1100; x_wconf 80' lang='lat' dir='ltr'><strong>etiam</strong></span> <span class='ocrx_word' id='word_1_52' title='bbox 1219 1042 1601 1100; x_wconf 86' lang='lat' dir='ltr'><strong>verebuntur:</strong></span> <span class='ocrx_word' id='word_1_53' title='bbox 1641 1057 1784 1096; x_wconf 75' lang='lat' dir='ltr'><strong>nam</strong></span> <span class='ocrx_word' id='word_1_54' title='bbox 1813 1036 1986 1096; x_wconf 87' lang='lat' dir='ltr'><strong>maxi·</strong></span> 
     </span>
     <span class='ocr_line' id='line_1_9' title="bbox 392 1135 1984 1214; baseline -0.003 -18"><span class='ocrx_word' id='word_1_55' title='bbox 392 1159 550 1196; x_wconf 87' lang='lat' dir='ltr'><strong>mum</strong></span> <span class='ocrx_word' id='word_1_56' title='bbox 576 1149 978 1197; x_wconf 84' lang='lat' dir='ltr'><strong>ornamentum</strong></span> <span class='ocrx_word' id='word_1_57' title='bbox 1008 1140 1279 1198; x_wconf 79' lang='lat' dir='ltr'><strong>amicitiae</strong></span> <span class='ocrx_word' id='word_1_58' title='bbox 1305 1139 1475 1211; x_wconf 88' lang='lat' dir='ltr'><strong>tollit,</strong></span> <span class='ocrx_word' id='word_1_59' title='bbox 1505 1137 1604 1214; x_wconf 91' lang='lat' dir='ltr'><strong>qui</strong></span> <span class='ocrx_word' id='word_1_60' title='bbox 1629 1155 1706 1195; x_wconf 84' lang='lat' dir='ltr'><strong>ex</strong></span> <span class='ocrx_word' id='word_1_61' title='bbox 1731 1135 1810 1194; x_wconf 67' lang='lat' dir='ltr'><strong>ea</strong></span> <span class='ocrx_word' id='word_1_62' title='bbox 1837 1135 1984 1194; x_wconf 88' lang='lat' dir='ltr'><strong>tollit</strong></span> 
     </span>
     <span class='ocr_line' id='line_1_10' title="bbox 397 1236 821 1294; baseline 0.005 -2"><span class='ocrx_word' id='word_1_63' title='bbox 397 1236 821 1294; x_wconf 80' lang='lat' dir='ltr'><strong>verecundiam.</strong></span> 
     </span>
    </p>

    <p class='ocr_par' dir='ltr' id='par_1_4' title="bbox 302 1330 1983 1798">
     <span class='ocr_line' id='line_1_11' title="bbox 302 1330 1983 1410; baseline -0.002 -19"><span class='ocrx_word' id='word_1_64' title='bbox 302 1353 365 1400; x_wconf 89' lang='lat'><strong>10</strong></span> <span class='ocrx_word' id='word_1_65' title='bbox 472 1333 677 1409; x_wconf 86' lang='lat' dir='ltr'><strong>Itaque</strong></span> <span class='ocrx_word' id='word_1_66' title='bbox 716 1335 779 1392; x_wconf 88' lang='lat' dir='ltr'><strong>in</strong></span> <span class='ocrx_word' id='word_1_67' title='bbox 819 1334 891 1392; x_wconf 87' lang='lat' dir='ltr'><strong>iis</strong></span> <span class='ocrx_word' id='word_1_68' title='bbox 930 1334 1294 1410; x_wconf 85' lang='lat' dir='ltr'><strong>perniciosus</strong></span> <span class='ocrx_word' id='word_1_69' title='bbox 1326 1344 1414 1393; x_wconf 87' lang='lat' dir='ltr'><strong>est</strong></span> <span class='ocrx_word' id='word_1_70' title='bbox 1453 1352 1632 1405; x_wconf 85' lang='lat' dir='ltr'><strong>error,</strong></span> <span class='ocrx_word' id='word_1_71' title='bbox 1663 1332 1764 1408; x_wconf 88' lang='lat' dir='ltr'><strong>qui</strong></span> <span class='ocrx_word' id='word_1_72' title='bbox 1793 1330 1983 1389; x_wconf 81' lang='lat' dir='ltr'><strong>existi·</strong></span> 
     </span>
     <span class='ocr_line' id='line_1_12' title="bbox 398 1431 1980 1508; baseline -0.003 -20"><span class='ocrx_word' id='word_1_73' title='bbox 398 1441 576 1503; x_wconf 87' lang='lat' dir='ltr'><strong>mant,</strong></span> <span class='ocrx_word' id='word_1_74' title='bbox 610 1431 915 1490; x_wconf 88' lang='lat' dir='ltr'><strong>libidinum</strong></span> <span class='ocrx_word' id='word_1_75' title='bbox 955 1443 1444 1508; x_wconf 82' lang='lat' dir='ltr'><strong>peccatorumque</strong></span> <span class='ocrx_word' id='word_1_76' title='bbox 1483 1431 1744 1488; x_wconf 89' lang='lat' dir='ltr'><strong>omnium</strong></span> <span class='ocrx_word' id='word_1_77' title='bbox 1785 1439 1980 1504; x_wconf 82' lang='lat' dir='ltr'><strong>patere</strong></span> 
     </span>
     <span class='ocr_line' id='line_1_13' title="bbox 398 1525 1982 1602; baseline -0.003 -16"><span class='ocrx_word' id='word_1_78' title='bbox 398 1529 460 1586; x_wconf 87' lang='lat' dir='ltr'><strong>iu</strong></span> <span class='ocrx_word' id='word_1_79' title='bbox 499 1530 754 1587; x_wconf 61' lang='lat' dir='ltr'><strong>amicitia</strong></span> <span class='ocrx_word' id='word_1_80' title='bbox 792 1531 1106 1587; x_wconf 86' lang='lat' dir='ltr'><strong>licentiam.</strong></span> <span class='ocrx_word' id='word_1_81' title='bbox 1190 1530 1486 1587; x_wconf 87' lang='lat' dir='ltr'><strong>Virtutum</strong></span> <span class='ocrx_word' id='word_1_82' title='bbox 1529 1526 1789 1586; x_wconf 84' lang='lat' dir='ltr'><strong>amicitia</strong></span> <span class='ocrx_word' id='word_1_83' title='bbox 1831 1525 1982 1602; x_wconf 85' lang='lat' dir='ltr'><strong>adju-</strong></span> 
     </span>
     <span class='ocr_line' id='line_1_14' title="bbox 396 1626 1976 1698; baseline -0.002 -16"><span class='ocrx_word' id='word_1_84' title='bbox 396 1626 510 1682; x_wconf 85' lang='lat' dir='ltr'><strong>trix</strong></span> <span class='ocrx_word' id='word_1_85' title='bbox 536 1647 569 1682; x_wconf 86' lang='lat' dir='ltr'><strong>a</strong></span> <span class='ocrx_word' id='word_1_86' title='bbox 596 1627 801 1684; x_wconf 63' lang='lat' dir='ltr'><strong>natura</strong></span> <span class='ocrx_word' id='word_1_87' title='bbox 832 1627 966 1684; x_wconf 88' lang='lat' dir='ltr'><strong>data</strong></span> <span class='ocrx_word' id='word_1_88' title='bbox 1010 1637 1118 1698; x_wconf 88' lang='lat' dir='ltr'><strong>est,</strong></span> <span class='ocrx_word' id='word_1_89' title='bbox 1147 1646 1266 1684; x_wconf 89' lang='lat' dir='ltr'><strong>non</strong></span> <span class='ocrx_word' id='word_1_90' title='bbox 1315 1627 1580 1683; x_wconf 87' lang='lat' dir='ltr'><strong>vitiorum</strong></span> <span class='ocrx_word' id='word_1_91' title='bbox 1625 1642 1859 1693; x_wconf 86' lang='lat' dir='ltr'><strong>comes;</strong></span> <span class='ocrx_word' id='word_1_92' title='bbox 1899 1632 1976 1693; x_wconf 87' lang='lat' dir='ltr'><strong>ut,</strong></span> 
     </span>
     <span class='ocr_line' id='line_1_15' title="bbox 398 1722 1978 1798; baseline -0.001 -19"><span class='ocrx_word' id='word_1_93' title='bbox 398 1722 670 1795; x_wconf 88' lang='lat' dir='ltr'><strong>quoniam</strong></span> <span class='ocrx_word' id='word_1_94' title='bbox 704 1723 959 1780; x_wconf 87' lang='lat' dir='ltr'><strong>solitaria</strong></span> <span class='ocrx_word' id='word_1_95' title='bbox 1000 1741 1121 1779; x_wconf 86' lang='lat' dir='ltr'><strong>non</strong></span> <span class='ocrx_word' id='word_1_96' title='bbox 1157 1733 1352 1798; x_wconf 87' lang='lat' dir='ltr'><strong>posset</strong></span> <span class='ocrx_word' id='word_1_97' title='bbox 1396 1723 1576 1779; x_wconf 84' lang='lat' dir='ltr'><strong>virtus</strong></span> <span class='ocrx_word' id='word_1_98' title='bbox 1625 1722 1695 1779; x_wconf 85' lang='lat' dir='ltr'><strong>ad</strong></span> <span class='ocrx_word' id='word_1_99' title='bbox 1739 1740 1829 1793; x_wconf 82' lang='lat' dir='ltr'><strong>ea,</strong></span> <span class='ocrx_word' id='word_1_100' title='bbox 1859 1739 1978 1796; x_wconf 84' lang='lat' dir='ltr'><strong>quae</strong></span> 
     </span>
    </p>

    <p class='ocr_par' dir='ltr' id='par_1_5' title="bbox 306 1818 2041 2284">
     <span class='ocr_line' id='line_1_16' title="bbox 306 1818 1975 1897; baseline 0.002 -27"><span class='ocrx_word' id='word_1_101' title='bbox 306 1823 367 1870; x_wconf 85' lang='lat'><strong>15</strong></span> <span class='ocrx_word' id='word_1_102' title='bbox 398 1837 622 1874; x_wconf 86' lang='lat' dir='ltr'><strong>summa</strong></span> <span class='ocrx_word' id='word_1_103' title='bbox 661 1828 813 1890; x_wconf 89' lang='lat' dir='ltr'><strong>sunt,</strong></span> <span class='ocrx_word' id='word_1_104' title='bbox 854 1819 1177 1894; x_wconf 88' lang='lat' dir='ltr'><strong>pervenire,</strong></span> <span class='ocrx_word' id='word_1_105' title='bbox 1207 1820 1522 1897; x_wconf 85' lang='lat' dir='ltr'><strong>conjuncta</strong></span> <span class='ocrx_word' id='word_1_106' title='bbox 1562 1828 1620 1877; x_wconf 93' lang='lat' dir='ltr'><strong>et</strong></span> <span class='ocrx_word' id='word_1_107' title='bbox 1647 1818 1975 1876; x_wconf 84' lang='lat' dir='ltr'><strong>consociata</strong></span> 
     </span>
     <span class='ocr_line' id='line_1_17' title="bbox 398 1915 2041 1992; baseline 0 -20"><span class='ocrx_word' id='word_1_108' title='bbox 398 1934 531 1973; x_wconf 90' lang='lat' dir='ltr'><strong>cum</strong></span> <span class='ocrx_word' id='word_1_109' title='bbox 562 1915 740 1973; x_wconf 64' lang='lat' dir='ltr'><strong>altera</strong></span> <span class='ocrx_word' id='word_1_110' title='bbox 760 1917 1120 1992; x_wconf 88' lang='lat' dir='ltr'><strong>perveniret:</strong></span> <span class='ocrx_word' id='word_1_111' title='bbox 1162 1935 1287 1992; x_wconf 85' lang='lat' dir='ltr'><strong>quae</strong></span> <span class='ocrx_word' id='word_1_112' title='bbox 1317 1917 1366 1973; x_wconf 90' lang='lat' dir='ltr'><strong>si</strong></span> <span class='ocrx_word' id='word_1_113' title='bbox 1387 1936 1528 1991; x_wconf 91' lang='lat' dir='ltr'><strong>quos</strong></span> <span class='ocrx_word' id='word_1_114' title='bbox 1557 1917 1706 1973; x_wconf 88' lang='lat' dir='ltr'><strong>inter</strong></span> <span class='ocrx_word' id='word_1_115' title='bbox 1733 1916 1976 1973; x_wconf 85' lang='lat' dir='ltr'><strong>societas</strong></span> <span class='ocrx_word' id='word_1_116' title='bbox 2040 1919 2041 1988; x_wconf 53' lang='grc' dir='ltr'>Τ</span> 
     </span>
     <span class='ocr_line' id='line_1_18' title="bbox 398 2011 2041 2086; baseline -0.002 -15"><span class='ocrx_word' id='word_1_117' title='bbox 398 2023 496 2071; x_wconf 87' lang='lat' dir='ltr'><strong>aut</strong></span> <span class='ocrx_word' id='word_1_118' title='bbox 523 2024 629 2086; x_wconf 86' lang='lat' dir='ltr'><strong>est,</strong></span> <span class='ocrx_word' id='word_1_119' title='bbox 662 2024 758 2072; x_wconf 87' lang='lat' dir='ltr'><strong>aut</strong></span> <span class='ocrx_word' id='word_1_120' title='bbox 786 2015 913 2086; x_wconf 87' lang='lat' dir='ltr'><strong>fuit,</strong></span> <span class='ocrx_word' id='word_1_121' title='bbox 944 2024 1044 2072; x_wconf 91' lang='lat' dir='ltr'><strong>aut</strong></span> <span class='ocrx_word' id='word_1_122' title='bbox 1073 2014 1264 2072; x_wconf 87' lang='lat' dir='ltr'><strong>futura</strong></span> <span class='ocrx_word' id='word_1_123' title='bbox 1295 2024 1400 2086; x_wconf 87' lang='lat' dir='ltr'><strong>est,</strong></span> <span class='ocrx_word' id='word_1_124' title='bbox 1431 2033 1628 2072; x_wconf 89' lang='lat' dir='ltr'><strong>eorum</strong></span> <span class='ocrx_word' id='word_1_125' title='bbox 1657 2023 1744 2070; x_wconf 85' lang='lat' dir='ltr'><strong>est</strong></span> <span class='ocrx_word' id='word_1_126' title='bbox 1771 2013 1972 2070; x_wconf 86' lang='lat' dir='ltr'><strong>haben-</strong></span> <span class='ocrx_word' id='word_1_127' title='bbox 2040 2011 2041 2068; x_wconf 58' lang='grc' dir='ltr'><strong>ἐ</strong></span> 
     </span>
     <span class='ocr_line' id='line_1_19' title="bbox 396 2101 2041 2187; baseline 0 -19"><span class='ocrx_word' id='word_1_128' title='bbox 396 2111 505 2169; x_wconf 85' lang='lat' dir='ltr'><strong>dus</strong></span> <span class='ocrx_word' id='word_1_129' title='bbox 535 2113 606 2168; x_wconf 82' lang='lat' dir='ltr'><strong>ad</strong></span> <span class='ocrx_word' id='word_1_130' title='bbox 634 2128 921 2169; x_wconf 86' lang='lat' dir='ltr'><strong>summum</strong></span> <span class='ocrx_word' id='word_1_131' title='bbox 950 2122 1170 2170; x_wconf 84' lang='lat' dir='ltr'><strong>naturae</strong></span> <span class='ocrx_word' id='word_1_132' title='bbox 1199 2113 1412 2170; x_wconf 89' lang='lat' dir='ltr'><strong>bonum</strong></span> <span class='ocrx_word' id='word_1_133' title='bbox 1447 2111 1699 2187; x_wconf 86' lang='lat' dir='ltr'><strong>optimus</strong></span> <span class='ocrx_word' id='word_1_134' title='bbox 1726 2110 1970 2168; x_wconf 82' lang='lat' dir='ltr'><strong>beatissi-</strong></span> <span class='ocrx_word' id='word_1_135' title='bbox 2040 2101 2041 2180; x_wconf 64' lang='grc' dir='ltr'>Ῑ</span> 
     </span>
     <span class='ocr_line' id='line_1_20' title="bbox 398 2211 993 2284; baseline 0.003 -19"><span class='ocrx_word' id='word_1_136' title='bbox 398 2227 639 2284; x_wconf 90' lang='lat' dir='ltr'><strong>musque</strong></span> <span class='ocrx_word' id='word_1_137' title='bbox 666 2211 993 2267; x_wconf 58' lang='lat' dir='ltr'><strong>comitatus„</strong></span> 
     </span>
    </p>

    <p class='ocr_par' dir='ltr' id='par_1_6' title="bbox 300 2303 2041 2577">
     <span class='ocr_line' id='line_1_21' title="bbox 300 2304 1968 2382; baseline 0 -21"><span class='ocrx_word' id='word_1_138' title='bbox 300 2307 367 2356; x_wconf 73' lang='lat'><strong>20</strong></span> <span class='ocrx_word' id='word_1_139' title='bbox 478 2305 626 2362; x_wconf 83' lang='lat' dir='ltr'><strong>Haec</strong></span> <span class='ocrx_word' id='word_1_140' title='bbox 653 2316 759 2377; x_wconf 92' lang='lat' dir='ltr'><strong>est,</strong></span> <span class='ocrx_word' id='word_1_141' title='bbox 812 2307 1066 2382; x_wconf 81' lang='lat' dir='ltr'><strong>inquam,</strong></span> <span class='ocrx_word' id='word_1_142' title='bbox 1097 2306 1363 2379; x_wconf 77' lang='lat' dir='ltr'><strong>societaS,</strong></span> <span class='ocrx_word' id='word_1_143' title='bbox 1395 2308 1455 2365; x_wconf 90' lang='lat' dir='ltr'><strong>in</strong></span> <span class='ocrx_word' id='word_1_144' title='bbox 1501 2306 1617 2382; x_wconf 69' lang='lat' dir='ltr'><strong>quii</strong></span> <span class='ocrx_word' id='word_1_145' title='bbox 1659 2305 1850 2363; x_wconf 82' lang='lat' dir='ltr'><strong>omnia</strong></span> <span class='ocrx_word' id='word_1_146' title='bbox 1891 2304 1968 2362; x_wconf 90' lang='lat' dir='ltr'><strong>in·</strong></span> 
     </span>
     <span class='ocr_line' id='line_1_22' title="bbox 398 2395 2041 2480; baseline 0.003 -24"><span class='ocrx_word' id='word_1_147' title='bbox 398 2411 551 2471; x_wconf 86' lang='lat' dir='ltr'><strong>sunt,</strong></span> <span class='ocrx_word' id='word_1_148' title='bbox 595 2421 721 2476; x_wconf 82' lang='lat' dir='ltr'><strong>quae</strong></span> <span class='ocrx_word' id='word_1_149' title='bbox 747 2414 952 2478; x_wconf 86' lang='lat' dir='ltr'><strong>putant</strong></span> <span class='ocrx_word' id='word_1_150' title='bbox 990 2404 1255 2462; x_wconf 89' lang='lat' dir='ltr'><strong>homines</strong></span> <span class='ocrx_word' id='word_1_151' title='bbox 1296 2405 1668 2480; x_wconf 50' lang='lat' dir='ltr'><strong>expetendas</strong></span> <span class='ocrx_word' id='word_1_152' title='bbox 1691 2403 1963 2473; x_wconf 64' lang='lat' dir='ltr'><strong>honestam,</strong></span> <span class='ocrx_word' id='word_1_153' title='bbox 2040 2395 2041 2468; x_wconf 56' lang='grc' dir='ltr'>ἰ</span> 
     </span>
     <span class='ocr_line' id='line_1_23' title="bbox 399 2477 2041 2577; baseline 0.001 -23"><span class='ocrx_word' id='word_1_154' title='bbox 399 2497 604 2575; x_wconf 82' lang='lat' dir='ltr'><strong>gloria,</strong></span> <span class='ocrx_word' id='word_1_155' title='bbox 632 2500 1017 2574; x_wconf 87' lang='lat' dir='ltr'><strong>tranquillitas</strong></span> <span class='ocrx_word' id='word_1_156' title='bbox 1049 2501 1244 2574; x_wconf 88' lang='lat' dir='ltr'><strong>animi,</strong></span> <span class='ocrx_word' id='word_1_157' title='bbox 1277 2512 1446 2577; x_wconf 82' lang='lat' dir='ltr'><strong>atque</strong></span> <span class='ocrx_word' id='word_1_158' title='bbox 1487 2499 1846 2577; x_wconf 87' lang='lat' dir='ltr'><strong>jucunditas:</strong></span> <span class='ocrx_word' id='word_1_159' title='bbox 1885 2509 1960 2570; x_wconf 90' lang='lat' dir='ltr'><strong>ut,</strong></span> <span class='ocrx_word' id='word_1_160' title='bbox 2040 2477 2041 2492; x_wconf 13' lang='grc' dir='ltr'>ἵ</span> 
     </span>
    </p>
   </div>
   <div class='ocr_carea' id='block_1_3' title="bbox 2040 37 2042 1976">
    <p class='ocr_par' dir='ltr' id='par_1_7' title="bbox 2040 37 2042 1976">
     <span class='ocr_line' id='line_1_24' title="bbox 2040 37 2042 1976; baseline 0 0"><span class='ocrx_word' id='word_1_161' title='bbox 2040 37 2042 1976; x_wconf 95' lang='lat' dir='ltr'><strong> </strong></span> 
     </span>
    </p>
   </div>
   <div class='ocr_carea' id='block_1_4' title="bbox 303 2595 2041 3155">
    <p class='ocr_par' dir='ltr' id='par_1_8' title="bbox 303 2595 2041 3155">
     <span class='ocr_line' id='line_1_25' title="bbox 400 2595 2041 2670; baseline 0 -17"><span class='ocrx_word' id='word_1_162' title='bbox 400 2613 533 2653; x_wconf 90' lang='lat' dir='ltr'><strong>cum</strong></span> <span class='ocrx_word' id='word_1_163' title='bbox 562 2595 689 2652; x_wconf 82' lang='lat' dir='ltr'><strong>haec</strong></span> <span class='ocrx_word' id='word_1_164' title='bbox 720 2596 927 2668; x_wconf 83' lang='lat' dir='ltr'><strong>adsint,</strong></span> <span class='ocrx_word' id='word_1_165' title='bbox 959 2598 1130 2656; x_wconf 90' lang='lat' dir='ltr'><strong>beata</strong></span> <span class='ocrx_word' id='word_1_166' title='bbox 1169 2600 1287 2656; x_wconf 86' lang='lat' dir='ltr'><strong>vita</strong></span> <span class='ocrx_word' id='word_1_167' title='bbox 1333 2600 1426 2670; x_wconf 87' lang='lat' dir='ltr'><strong>sit,</strong></span> <span class='ocrx_word' id='word_1_168' title='bbox 1457 2607 1514 2656; x_wconf 87' lang='lat' dir='ltr'><strong>&#39;et</strong></span> <span class='ocrx_word' id='word_1_169' title='bbox 1565 2597 1690 2654; x_wconf 90' lang='lat' dir='ltr'><strong>sine</strong></span> <span class='ocrx_word' id='word_1_170' title='bbox 1735 2597 1821 2654; x_wconf 85' lang='lat' dir='ltr'><strong>his</strong></span> <span class='ocrx_word' id='word_1_171' title='bbox 1847 2615 1963 2654; x_wconf 85' lang='lat' dir='ltr'><strong>esse</strong></span> <span class='ocrx_word' id='word_1_172' title='bbox 2040 2661 2041 2668; x_wconf 8' lang='grc' dir='ltr'>ἵ</span> 
     </span>
     <span class='ocr_line' id='line_1_26' title="bbox 398 2675 2041 2770; baseline 0 -20"><span class='ocrx_word' id='word_1_173' title='bbox 398 2711 515 2751; x_wconf 89' lang='lat' dir='ltr'><strong>non</strong></span> <span class='ocrx_word' id='word_1_174' title='bbox 550 2692 750 2769; x_wconf 86' lang='lat' dir='ltr'><strong>possit.</strong></span> <span class='ocrx_word' id='word_1_175' title='bbox 829 2692 1013 2755; x_wconf 83' lang='lat' dir='ltr'><strong>Quod</strong></span> <span class='ocrx_word' id='word_1_176' title='bbox 1059 2713 1194 2752; x_wconf 89' lang='lat' dir='ltr'><strong>cum</strong></span> <span class='ocrx_word' id='word_1_177' title='bbox 1237 2696 1518 2770; x_wconf 87' lang='lat' dir='ltr'><strong>optimum</strong></span> <span class='ocrx_word' id='word_1_178' title='bbox 1559 2693 1962 2768; x_wconf 85' lang='lat' dir='ltr'><strong>maximumque</strong></span> <span class='ocrx_word' id='word_1_179' title='bbox 2040 2675 2041 2738; x_wconf 61' lang='grc' dir='ltr'><strong><em>ἷ</em></strong></span> 
     </span>
     <span class='ocr_line' id='line_1_27' title="bbox 303 2789 1962 2868; baseline 0.001 -23"><span class='ocrx_word' id='word_1_180' title='bbox 303 2797 368 2845; x_wconf 74' lang='lat'><strong>25</strong></span> <span class='ocrx_word' id='word_1_181' title='bbox 400 2791 493 2862; x_wconf 87' lang='lat' dir='ltr'><strong>sit,</strong></span> <span class='ocrx_word' id='word_1_182' title='bbox 536 2790 585 2846; x_wconf 86' lang='lat' dir='ltr'><strong>si</strong></span> <span class='ocrx_word' id='word_1_183' title='bbox 626 2789 682 2847; x_wconf 90' lang='lat' dir='ltr'><strong>id</strong></span> <span class='ocrx_word' id='word_1_184' title='bbox 712 2791 976 2849; x_wconf 85' lang='lat' dir='ltr'><strong>volumus</strong></span> <span class='ocrx_word' id='word_1_185' title='bbox 1022 2792 1284 2868; x_wconf 88' lang='lat' dir='ltr'><strong>adipisci,</strong></span> <span class='ocrx_word' id='word_1_186' title='bbox 1333 2793 1528 2850; x_wconf 85' lang='lat' dir='ltr'><strong>virtuti</strong></span> <span class='ocrx_word' id='word_1_187' title='bbox 1573 2810 1747 2868; x_wconf 86' lang='lat' dir='ltr'><strong>opera</strong></span> <span class='ocrx_word' id='word_1_188' title='bbox 1789 2790 1962 2848; x_wconf 84' lang='lat' dir='ltr'><strong>danda</strong></span> 
     </span>
     <span class='ocr_line' id='line_1_28' title="bbox 400 2887 1958 2966; baseline 0.001 -23"><span class='ocrx_word' id='word_1_189' title='bbox 400 2897 487 2944; x_wconf 87' lang='lat' dir='ltr'><strong>est</strong></span> <span class='ocrx_word' id='word_1_190' title='bbox 515 2908 529 2958; x_wconf 86' lang='lat'><em>3</em></span> <span class='ocrx_word' id='word_1_191' title='bbox 574 2887 699 2945; x_wconf 86' lang='lat' dir='ltr'><strong>sine</strong></span> <span class='ocrx_word' id='word_1_192' title='bbox 728 2889 842 2964; x_wconf 74' lang='lat' dir='ltr'><strong>quii</strong></span> <span class='ocrx_word' id='word_1_193' title='bbox 870 2906 1060 2965; x_wconf 86' lang='lat' dir='ltr'><strong>neque</strong></span> <span class='ocrx_word' id='word_1_194' title='bbox 1091 2889 1404 2948; x_wconf 87' lang='lat' dir='ltr'><strong>amicitiam</strong></span> <span class='ocrx_word' id='word_1_195' title='bbox 1447 2909 1634 2966; x_wconf 88' lang='lat' dir='ltr'><strong>neque</strong></span> <span class='ocrx_word' id='word_1_196' title='bbox 1661 2889 1822 2946; x_wconf 87' lang='lat' dir='ltr'><strong>ullam</strong></span> <span class='ocrx_word' id='word_1_197' title='bbox 1848 2906 1958 2944; x_wconf 85' lang='lat' dir='ltr'><strong>rem</strong></span> 
     </span>
     <span class='ocr_line' id='line_1_29' title="bbox 400 2985 1959 3063; baseline 0.003 -26"><span class='ocrx_word' id='word_1_198' title='bbox 400 2985 781 3056; x_wconf 88' lang='lat' dir='ltr'><strong>expetendam</strong></span> <span class='ocrx_word' id='word_1_199' title='bbox 830 2987 1108 3063; x_wconf 86' lang='lat' dir='ltr'><strong>consequi</strong></span> <span class='ocrx_word' id='word_1_200' title='bbox 1172 2989 1521 3063; x_wconf 69' lang='lat' dir='ltr'><strong>possumus?</strong></span> <span class='ocrx_word' id='word_1_201' title='bbox 1557 2987 1630 3044; x_wconf 64' lang='lat' dir='ltr'><strong>ea</strong></span> <span class='ocrx_word' id='word_1_202' title='bbox 1671 3005 1795 3043; x_wconf 81' lang='lat' dir='ltr'><strong>vero</strong></span> <span class='ocrx_word' id='word_1_203' title='bbox 1833 3003 1959 3062; x_wconf 84' lang='lat' dir='ltr'><strong>neg-</strong></span> 
     </span>
     <span class='ocr_line' id='line_1_30' title="bbox 401 3076 2041 3155; baseline 0.006 -23"><span class='ocrx_word' id='word_1_204' title='bbox 401 3076 575 3150; x_wconf 61' lang='lat' dir='ltr'><strong>lecta,</strong></span> <span class='ocrx_word' id='word_1_205' title='bbox 603 3081 703 3154; x_wconf 91' lang='lat' dir='ltr'><strong>qui</strong></span> <span class='ocrx_word' id='word_1_206' title='bbox 752 3101 815 3140; x_wconf 88' lang='lat' dir='ltr'><strong>se</strong></span> <span class='ocrx_word' id='word_1_207' title='bbox 863 3083 1082 3142; x_wconf 87' lang='lat' dir='ltr'><strong>amicos</strong></span> <span class='ocrx_word' id='word_1_208' title='bbox 1121 3083 1334 3142; x_wconf 88' lang='lat' dir='ltr'><strong>habere</strong></span> <span class='ocrx_word' id='word_1_209' title='bbox 1366 3085 1729 3155; x_wconf 85' lang='lat' dir='ltr'><strong>arbitrantur,</strong></span> <span class='ocrx_word' id='word_1_210' title='bbox 1753 3092 1862 3142; x_wconf 89' lang='lat' dir='ltr'><strong>tum</strong></span> <span class='ocrx_word' id='word_1_211' title='bbox 1897 3101 1956 3141; x_wconf 85' lang='lat' dir='ltr'><strong>se</strong></span> <span class='ocrx_word' id='word_1_212' title='bbox 2040 3137 2041 3142; x_wconf 73' lang='grc'>,</span> 
     </span>
    </p>
   </div>
  </div>
 </body>
</html>
