2084 3517
472 244 747 304 LAELms,
782 244 931 292 srvi:
973 245 1062 292 nr:
1101 245 1414 294 mmm.
1755 237 1834 298 79

157 411 331 454 mum
359 411 507 464 esse,
534 411 703 468 quam
731 393 1050 452 laxissimas
1085 394 1338 452 habenas
1365 393 1577 450 habere
1607 393 1743 453 ami-

162 490 360 560 citiae3
404 509 545 565 quas
571 491 658 546 vel
691 489 962 561 adducas,
992 509 1125 548 cum
1145 491 1302 562 velis,
1332 491 1419 548 vel
1448 490 1739 548 remittas:

164 596 349 663 caput
370 587 522 643 enim
552 606 678 644 esse
710 587 780 643 ad
805 587 971 644 beate
992 587 1312 659 vivendum,
1344 587 1707 646 securitatem
1722 605 1738 658 ;

164 685 285 758 quii
314 683 428 741 frui
456 702 573 740 non
600 683 781 759 possit
810 683 1054 754 animus,
1095 683 1144 740 si
1171 693 1438 760 tanquam
1463 683 1742 760 parturiat

165 799 323 838 unus
350 799 456 854 pro
482 780 777 855 pluribus.-
1766 794 1802 844 5

248 877 421 933 Alios
450 886 639 934 autem
662 877 857 933 dicere
887 875 1048 934 aiunt
1075 875 1254 934 multo
1281 877 1454 934 etiam
1483 877 1742 937 inhuma-

168 973 301 1030 nius
322 971 519 1049 (quem
547 973 739 1030 locum
762 973 1005 1030 breviter
1050 973 1356 1048 perstrinxi
1375 973 1548 1049 paulo
1578 977 1736 1054 ante)

166 1069 425 1143 praesidii
468 1069 893 1145 adjumentique
930 1069 1125 1142 causa,
1169 1089 1284 1128 non
1331 1069 1740 1127 benevolentiae

166 1183 357 1240 neque
407 1165 679 1236 caritatiS,
724 1165 1003 1223 amicitias
1045 1183 1169 1223 esse
1209 1166 1593 1241 expetendas:
1637 1167 1741 1224 ita·-

165 1280 301 1338 que,
332 1270 397 1318 ut
423 1261 661 1336 quisque
688 1261 989 1318 minimum
1016 1261 1300 1320 firmitatis
1317 1263 1543 1335 habeat,
1573 1263 1740 1320 mini·
1767 1263 1841 1330 10*

164 1339 441 1432 mumque
469 1356 695 1428 virium,
726 1357 809 1414 ita
836 1357 1120 1414 amicitias
1150 1368 1415 1432 appetere
1455 1359 1736 1416 maxime:

166 1472 241 1510 ex
295 1471 368 1510 eo
420 1453 563 1524 fieri,
611 1463 675 1508 ut
722 1452 1075 1509 mulierculae
1121 1453 1306 1528 magis
1361 1453 1738 1510 amicitiarum

162 1549 437 1623 praesidia
486 1557 762 1624 quaerant,
811 1566 981 1622 quam
1028 1548 1166 1618 viri3
1209 1559 1268 1606 et
1315 1548 1537 1623 inopes,
1570 1567 1740 1622 quam

164 1644 471 1720 opulenti3
532 1639 609 1702 et'
632 1643 973 1716 calamitosi,
1020 1664 1192 1721 quam
1234 1645 1278 1702 ii
1320 1644 1417 1720 qui
1469 1653 1740 1721 putentur

165 1740 343 1798 beati.
1767 1749 1830 1798 15

242 1836 302 1894 Ο
329 1836 659 1911 praeclaram
688 1838 1066 1912 sapientiam!
1112 1839 1312 1895 Solem
1339 1839 1496 1895 enim
1525 1857 1558 1895 e
1577 1857 1740 1896 mun-

164 1933 245 1990 do
264 1933 465 1990 tollere
492 1933 773 2004 videntur,
816 1934 913 2008 qui
948 1935 1258 1990 amicitiam
1289 1953 1322 1990 e
1349 1934 1466 1989 vita
1493 1934 1734 2003 tollunt3

162 2031 279 2105 quii
312 2047 347 2086 a
371 2029 501 2086 Diis
540 2029 955 2086 immortalibus
1000 2028 1145 2084 nihil
1189 2028 1394 2084 melius
1441 2028 1736 2099 habemur-«1,

162 2127 311 2182 nihil
335 2126 662 2201 jucundius.
745 2124 898 2186 Quae
935 2133 1023 2180 est
1065 2124 1220 2182 enim
1267 2123 1379 2180 ista
1420 2123 1736 2180 securitas?

164 2222 366 2298 specie
392 2223 643 2297 quidem,
685 2221 917 2292 blanda,
968 2220 1070 2298 sed
1115 2237 1314 2296 reapse
1359 2219 1552 2276 multis
1591 2220 1736 2278 locis
1763 2234 1828 2285 20

164 2318 541 2393 repudianda.
650 2317 858 2393 Neque
913 2317 1068 2374 enim
1123 2326 1210 2374 est
1264 2326 1734 2390 consentaneum,

163 2414 344 2472 ullam
398 2413 695 2472 honestam
749 2432 871 2470 rem
918 2413 1294 2484 actionemve,
1339 2431 1414 2469 ne
1457 2413 1736 2471 sollicitus

162 2511 267 2582 sis,
300 2519 396 2568 aut
422 2529 537 2568 non
578 2510 889 2586 suscipere,
937 2517 1033 2566 aut
1076 2519 1400 2583 susceptam
1429 2509 1732 2584 deponere.

161 2606 349 2668 Quod
406 2607 453 2664 si
502 2625 699 2664 curam
754 2605 1021 2682 fugimus,
1067 2605 1246 2662 virtus
1291 2604 1564 2680 fugienda
1617 2613 1734 2672 est;

166 2721 313 2777 quae,
360 2721 599 2760 necesse
625 2711 733 2773 est,
774 2720 907 2760 cum
937 2700 1126 2775 aliqua
1155 2701 1315 2772 cura,
1345 2717 1438 2756 res
1465 2698 1573 2755 sibi
1601 2716 1738 2754 con·
1764 2710 1828 2759 25

164 2799 371 2856 trarias
402 2799 770 2874 adspernetur
812 2807 980 2872 atque
1008 2797 1230 2866 oderit;
1275 2804 1338 2854 ut
1365 2793 1592 2851 bonitas
1621 2813 1737 2852 ma-

162 2894 370 2966 litiam,
398 2883 776 2968 temperantia
791 2875 1112 2962 libidinem,
1136 2891 1418 2967 ignaviam
1443 2888 1732 2948 fortitudo,

164 2991 369 3068 Itaque
395 2990 591 3048 videas
608 2989 781 3047 rebus
800 2988 1027 3066 injustis
1047 2985 1234 3065 justos
1255 2984 1500 3043 maxime
1516 2985 1734 3060 dolere,
