2084 3517
659 330 746 376 ΒΕ
783 329 1191 379 ennom.
1736 315 1811 373 51

141 479 402 538 virorum
447 488 584 555 post
627 489 866 536 mortem
909 478 1159 537 honores
1196 485 1621 555 permanerent,
1670 474 1720 532 si

137 575 294 633 nihil
322 594 522 633 eorum
553 576 806 650 ipsorum
837 575 1010 632 animi
1039 576 1352 646 efficerent,
1371 593 1485 649 quo
1498 572 1720 630 diutius

138 673 488 730 memoriam
537 672 627 728 sui
673 682 1014 728 teneremus.
1099 670 1248 728 Mihi
1302 671 1534 746 quidem
1576 686 1721 726 nun-

139 788 320 844 quam
347 769 678 845 persuaderi
704 768 910 843 potuit,
943 767 1184 838 animOS,
1214 767 1350 824 dum
1379 768 1439 824 in
1468 766 1721 843 corpori-

139 865 256 922 bus
282 875 478 922 essent
517 864 871 936 mortalibuS,
914 865 1143 933 vivere3
1188 881 1319 920 oum
1360 863 1608 922 exissent
1648 881 1719 920 ex
1747 875 1781 923 5

139 960 238 1032 iis,
261 960 479 1017 emori:
523 978 634 1016 neo
662 978 816 1031 vere,
846 970 969 1016 tum
999 959 1255 1016 animum
1296 977 1421 1014 esse
1450 959 1719 1034 insipien-

137 1067 284 1128 tem,
333 1075 468 1114 cum
517 1074 590 1114 ex
634 1056 928 1132 insipienti
974 1075 1219 1132 corpore
1266 1055 1575 1124 evasisset3
1616 1054 1719 1112 sed

141 1171 303 1224 eum,
335 1153 496 1210 omni
537 1153 886 1211 admixtione
915 1153 1175 1229 corporis
1214 1153 1511 1224 liberatuS,
1539 1155 1719 1227 purus

142 1259 204 1307 et
251 1250 479 1325 integer
527 1267 654 1308 esse
693 1249 979 1324 eoepisset,
1023 1260 1145 1308 tum
1200 1269 1327 1308 esse
1374 1250 1712 1325 sapientem.

141 1344 344 1420 Atque
363 1345 561 1416 etiam,
590 1364 724 1402 oum
753 1345 1006 1404 hominis
1025 1357 1237 1403 natura
1256 1356 1443 1403 morte
1463 1345 1719 1403 dissolvi·
1750 1349 1813 1398 10

141 1451 258 1514 tur,
290 1449 630 1498 caeterarum
658 1459 870 1512 rerum,
897 1442 1269 1516 perspicuum
1289 1451 1395 1512 est,
1426 1459 1541 1514 quo
1570 1459 1721 1514 quae-

141 1556 258 1614 que
287 1538 593 1595 discedant
616 1555 628 1593 :
654 1537 870 1594 abeunt
891 1535 1049 1593 enim
1070 1536 1211 1594 illue
1232 1534 1445 1606 omnia,
1460 1536 1613 1593 unde
1634 1553 1722 1592 or-

139 1645 204 1692 ta
217 1644 358 1692 sunt
375 1654 390 1704 ;
435 1634 662 1690 animus
691 1643 882 1690 autem
905 1634 1080 1705 solus-1,
1096 1651 1207 1690 neo
1238 1650 1371 1689 eum
1402 1633 1580 1705 adest,
1610 1651 1719 1690 neo

142 1751 280 1790 oum
297 1730 565 1801 discedit,
591 1739 838 1805 apparet.
881 1729 919 1787 J
924 1749 1014 1788 am
1030 1749 1167 1788 vero
1183 1729 1407 1803 videtis,
1426 1730 1569 1788 nihil
1592 1749 1719 1788 esse

139 1827 322 1884 morti
347 1836 468 1884 tam
495 1826 702 1897 simile,
730 1845 902 1901 quam
923 1845 1207 1886 somnum.
1292 1825 1471 1903 Atqui
1509 1826 1719 1886 dormi·
1749 1837 1812 1887 15

139 1924 370 1981 entium
401 1921 578 1979 animi
617 1923 865 1980 maxime
906 1924 1204 1980 declarant
1244 1923 1603 1980 divinitatem
1630 1943 1721 1980 su-

143 2039 259 2078 am.
345 2017 538 2075 Multa
587 2018 763 2090 enim,
819 2037 953 2076 eum
996 2017 1222 2075 remissi
1264 2028 1324 2075 et
1364 2018 1533 2075 liberi
1566 2028 1718 2091 sunt,

145 2117 344 2174 futura
387 2115 764 2190 prospiciunt.
847 2114 939 2171 Ex
979 2133 1095 2188 quo
1136 2110 1493 2190 intelligitur,
1524 2113 1722 2188 quales

145 2211 329 2270 futuri
357 2210 491 2282 sint,
522 2229 653 2268 oum
677 2229 738 2266 se
765 2210 936 2286 plane
965 2209 1225 2285 eorporis
1252 2209 1499 2266 vinculis
1541 2209 1721 2268 relax-

147 2308 388 2366 averint.
469 2305 692 2379 Quare,
721 2307 769 2364 si
799 2307 923 2364 haee
950 2306 1034 2364 ita
1060 2315 1212 2378 sunt,
1234 2306 1321 2364 sie
1348 2325 1439 2364 me
1462 2307 1718 2381 colitote,
1748 2313 1813 2362 20

146 2414 214 2463 ut
240 2404 452 2462 Deum.
535 2403 642 2460 Sin
683 2404 799 2461 unii
827 2412 914 2460 est
955 2401 1293 2460 interiturus
1333 2403 1557 2461 animus
1586 2424 1721 2462 eum

147 2519 416 2576 corpore,
471 2517 572 2556 vos
623 2509 836 2571 tamen,
879 2499 1042 2557 Deos
1087 2509 1367 2572 verenteS,
1416 2501 1515 2575 qui
1570 2500 1723 2558 hano

150 2614 384 2654 omnem
423 2595 912 2672 pulchritudinem
951 2605 1188 2653 tuentur
1228 2606 1287 2652 et
1326 2606 1553 2673 regunt,
1609 2613 1724 2652 me-

149 2691 398 2750 moriam
424 2691 605 2748 nostri
643 2692 738 2767 pie
767 2691 1147 2766 inviolateque
1174 2693 1528 2750 servabitis.’'
1612 2689 1725 2764 Cy*-

151 2807 254 2847 rus
279 2788 514 2863 quidem
539 2788 666 2846 haeo
691 2789 960 2846 moriens·
1041 2787 1170 2845 Nos
1193 2787 1269 2867 (si
1288 2787 1506 2865 placet)
1529 2794 1725 2843 nostra
1750 2792 1817 2842 25

153 2883 467 2943 videamus.

231 3075 470 3138 XXIII.
552 3075 748 3134 Nemo
771 3095 1027 3150 unquam
1054 3075 1218 3145 mihi,
1248 3072 1472 3147 Scipi0‚
1492 3091 1724 3149 persua-
