2084 3517
629 291 714 344 m:
755 292 1157 346 SENECTU'I'E.
1700 286 1783 345 53

109 437 352 518 quidem
379 459 472 499 me
497 443 960 518 proficiscentem
987 445 1141 504 haud
1180 463 1321 504 sane
1360 443 1489 519 quis
1517 443 1687 502 facile

109 539 441 610 retraxerit,
497 559 704 614 neque,
760 550 1028 614 tanquam
1087 543 1326 614 Peliam,
1381 541 1685 599 recoxerit.

105 635 299 696 Quod
343 636 394 692 si
441 636 570 710 quis
616 636 778 694 Deus
833 637 974 694 mihi
1015 638 1309 714 largiatur,
1341 648 1402 696 ut
1454 657 1527 696 ex
1578 636 1690 694 hac

108 742 284 788 aetate
312 751 734 807 repuerascam,
763 744 821 790 et
839 733 900 791 in
928 733 1097 790 cunis
1123 734 1365 810 vagiam,
1393 734 1558 792 valde
1603 753 1690 792 re-

107 847 350 885 cusem:
395 847 506 886 nec
534 847 668 886 vero
695 829 884 901 velim,
915 829 1079 905 quasi
1107 829 1351 888 decurso
1380 831 1581 905 spatio,
1616 829 1686 888 ad
1716 837 1750 888 5

108 943 383 982 carceres
415 945 447 982 a
474 926 634 982 calce
662 927 936 984 revocari.

188 1021 363 1082 Quid
391 1022 544 1078 enim
573 1022 744 1080 habet
771 1023 888 1081 vita
913 1023 1239 1082 commodi?
1282 1022 1419 1098 quid
1446 1041 1565 1080 non
1590 1041 1691 1099 po-

105 1118 232 1175 tius
284 1116 536 1175 laboris?
634 1120 751 1175 Sed
805 1120 1012 1178 habeat
1066 1139 1239 1177 sane:
1306 1119 1481 1176 habet
1534 1129 1690 1176 certe

109 1225 314 1272 tamen
360 1225 457 1271 aut
503 1215 844 1288 satietatem,
891 1227 988 1275 aut
1027 1216 1275 1275 modum.
1359 1216 1501 1274 Non
1528 1215 1689 1274 lubet

111 1310 270 1366 enim
317 1310 460 1366 mihi
513 1311 824 1386 deplorare,
853 1313 1053 1384 vitam,
1098 1314 1251 1388 quod
1299 1313 1487 1384 multi,
1534 1322 1591 1370 et
1645 1312 1687 1369 ii
1719 1323 1780 1372 10

112 1407 296 1477 docti,
327 1426 478 1481 saepe
506 1407 783 1465 fecerunt.
865 1409 1075 1483 Neque
1120 1429 1213 1466 me
1254 1409 1463 1466 vixisse
1506 1409 1687 1482 poeni-

112 1513 229 1573 tet3
275 1504 546 1579 quoniam
576 1504 654 1561 ita
682 1504 816 1574 vixi,
847 1514 911 1560 ut
951 1523 1071 1560 non
1112 1505 1319 1561 frustra
1360 1521 1453 1558 me
1492 1513 1691 1560 natum

113 1600 475 1657 existimem:
519 1610 576 1654 et
615 1619 686 1656 ex
725 1599 844 1656 vita
885 1599 966 1657 ita
1008 1599 1265 1670 discedo,
1311 1608 1577 1673 tanquam
1622 1617 1694 1654 ex

114 1695 392 1771 hospiti0,
423 1715 540 1752 non
582 1707 849 1771 tanquam
892 1715 964 1752 ex
1004 1696 1193 1753 domo.
1277 1695 1691 1754 commorandi

18 1847 20 1850 ,
115 1793 276 1848 enim
324 1804 530 1850 natura
570 1793 944 1850 diversorium
991 1793 1179 1864 nobie,
1228 1811 1345 1850 non
1395 1792 1691 1850 habitandi
1722 1807 1784 1856 15

114 1865 540 1960 locumsdedit.
622 1887 678 1944 Ο
703 1889 1038 1964 praeclarum
1068 1889 1243 1960 diem,
1273 1907 1405 1946 cum
1438 1889 1507 1946 ad
1550 1887 1690 1946 illud

116 1985 380 2040 divinum
430 1984 746 2042 animorum
795 1985 1113 2042 concilium
1160 1995 1485 2058 coetumque
1524 1983 1693 2058 profi-

117 2081 332 2152 ciscar,
365 2098 608 2154 cumque
635 2100 707 2137 ex
733 2080 844 2138 hac
873 2079 1040 2138 turba
1070 2089 1127 2136 et
1154 2079 1480 2137 colluvione
1509 2078 1693 2138 disce-

118 2177 292 2234 dam!
376 2176 717 2234 Proficiscar
746 2177 920 2247 enim,
949 2194 1069 2233 non
1098 2176 1169 2232 ad
1197 2194 1299 2232 eos
1318 2174 1503 2233 solum
1522 2173 1692 2247 viros,

120 2274 192 2330 de
220 2272 429 2348 quibus
461 2283 590 2329 ante
618 2273 758 2344 dixi,
787 2272 888 2330 sed
915 2272 1091 2336 etiam
1134 2273 1204 2329 ad
1247 2272 1533 2330 Catonem
1574 2291 1691 2329 me-
1722 2278 1787 2328 20

120 2389 242 2441 um,
271 2388 386 2445 quo
415 2388 588 2426 nemo
617 2369 700 2426 vir
727 2369 931 2426 melior
957 2379 1128 2426 natus
1157 2380 1263 2440 est,
1293 2387 1465 2426 nemo
1480 2369 1695 2445 pietate

120 2466 519 2543 praestantior:
563 2467 727 2542 cujus
757 2487 790 2524 a
829 2485 922 2522 me
965 2485 1175 2543 corpus
1216 2477 1533 2525 crematum
1574 2477 1694 2536 est3

123 2563 280 2638 quod
307 2573 510 2619 contra
536 2563 732 2622 decuit
763 2565 832 2620 ab
861 2562 962 2620 illo
980 2583 1187 2621 meum.
1270 2564 1521 2620 Animus
1538 2580 1695 2632 vere,

126 2679 246 2717 non
277 2678 370 2714 me
401 2659 689 2730 deserem,
719 2659 820 2714 sed
850 2671 1201 2734 respectam,
1232 2660 1292 2716 in
1334 2678 1404 2717 ea
1439 2657 1701 2733 profecto

125 2756 262 2813 loca
289 2755 573 2827 discessit,
603 2777 715 2831 quo
741 2756 882 2812 mihi
903 2757 1009 2831 ipsi
1030 2758 1303 2813 cernebat
1324 2773 1449 2812 esse
1470 2751 1700 2809 venien·
1728 2755 1791 2805 25

126 2851 286 2910 dum.
366 2851 566 2912 Quem
611 2870 722 2928 ego
777 2871 968 2909 meum
1023 2870 1221 2908 casum
1275 2851 1496 2908 fortiter
1552 2846 1701 2903 ferre

128 2948 282 3007 visus
311 2967 476 3018 sum3
519 2966 638 3004 non
678 2947 832 3022 quod
874 2965 1038 3022 aequo
1082 2946 1273 3004 animo
1313 2945 1556 3002 serrem:
1598 2940 1701 3000 sed

523 3044 564 3100 5
592 3041 626 3077 ιιι
