2084 3517
684 298 770 346 DE
799 299 1205 350 sENEcTu'rE.
1740 296 1809 356 31

149 438 212 499 P.
259 441 473 516 Deci0,
501 445 620 520 qui,
651 445 1040 521 quinquennio
1083 460 1215 508 ante
1250 469 1380 508 eum
1410 451 1721 524 consulem,

145 556 210 594 se
251 557 364 614 pro
417 542 734 616 republica,
775 553 978 618 quarto
1031 547 1351 618 consulatu,
1402 548 1720 606 devoverat.

143 633 346 692 Norat
403 637 650 694 eundem
691 637 1028 709 Fabricius;
1072 641 1237 698 norat
1284 643 1719 713 Coruncanius3

141 730 270 804 qui,
305 751 437 789 cum
463 752 537 790 ex
563 734 668 791 sua
696 735 832 807 vita,
863 745 984 794 tum
1015 755 1087 792 ex
1114 737 1255 812 ejuS,
1272 757 1440 813 quem
1470 740 1624 812 dice,
1654 739 1717 798 P.

141 825 326 885 Decii
375 829 548 901 sacto,
605 831 962 906 judicabant,
1011 851 1139 889 esse
1191 835 1450 908 profecto
1506 835 1718 912 aliquid
1750 845 1785 894 5

138 923 358 982 natura
410 927 712 1000 pulchrum
771 938 940 1005 atque
990 929 1351 1005 praeclarum,
1406 933 1559 1006 quod
1610 933 1719 991 sua

137 1031 354 1095 sponte
395 1032 703 1097 peteretur,
751 1025 1035 1101 quodque,
1082 1027 1276 1102 spreta
1304 1036 1362 1082 et
1390 1027 1719 1104 contempta

137 1118 460 1193 voluptate,
489 1120 740 1194 optim'us
768 1121 1006 1196 quisque
1035 1133 1387 1198 sequeretur.

217 1213 523 1275 Quorsum
565 1215 740 1292 igitur
767 1227 883 1274 tam
924 1218 1103 1276 multa
1128 1218 1201 1276 de
1229 1219 1557 1294 voluptate?
1584 1219 1719 1296 quia

137 1329 264 1367 non
307 1311 482 1369 modo
525 1311 866 1387 vituperatio
913 1315 1089 1386 nulla,
1136 1315 1237 1372 sed
1278 1316 1453 1374 etiam
1496 1335 1719 1374 summa
1748 1319 1811 1370 10

136 1406 270 1465 laus
317 1409 634 1465 senectutis
681 1419 788 1480 est,
837 1411 989 1484 quod
1044 1429 1115 1468 ea
1160 1413 1477 1486 voluptates
1529 1413 1717 1469 nullas

137 1521 494 1580 magnopere
539 1504 841 1562 desiderat.
926 1505 1103 1562 Caret
1144 1506 1349 1579 epulis,
1390 1506 1719 1564 exstructis-

131 1619 252 1675 que
293 1600 528 1671 mensiS,
558 1610 616 1657 et
643 1600 1036 1674 frequentibus
1076 1601 1340 1676 poculis?
1384 1611 1539 1657 caret
1578 1619 1717 1678 ergo

135 1696 317 1753 etiam
386 1696 720 1768 vinolentia,
779 1706 835 1753 et
904 1697 1208 1769 cruditate,
1271 1708 1329 1755 et
1396 1697 1711 1756 insomniis,

135 1793 281 1864 Sed,
325 1793 376 1849 si
419 1793 630 1868 aliquid
671 1793 924 1851 dandum
963 1804 1055 1851 est
1103 1794 1399 1869 voluptati,
1442 1795 1713 1870 quoniam
1740 1794 1808 1844 15

131 1890 262 1965 ejus
331 1890 625 1946 blanditiis
678 1909 798 1948 non
863 1891 1034 1947 facile
1088 1891 1435 1962 obsistimus,
1494 1889 1715 1966 (divine

132 1987 297 2042 enim
325 1986 492 2043 Plato
519 2003 711 2042 escam
741 1987 1021 2042 malorum
1048 1985 1399 2061 voluptatem
1444 1985 1709 2060 appellat,

127 2082 294 2157 quod
335 2082 406 2138 ea
445 2082 716 2140 videlicet
769 2081 1032 2138 homines
1076 2081 1393 2155 capiantur,
1436 2090 1499 2136 ut
1540 2081 1711 2137 hamo

131 2180 356 2258 pisces)
411 2195 739 2254 quanquam
808 2175 1203 2234 immoderatis
1269 2175 1453 2251 epulis
1519 2183 1741 2234 careat-

129 2285 429 2346 senectus,
498 2273 744 2330 modicis
811 2283 1002 2330 tamen
1080 2271 1357 2328 conviviis
1434 2271 1709 2329 delectari
1739 2282 1802 2332 20

129 2381 342 2448 potest.
385 2409 392 2416 ·
427 2370 494 2428 C.
520 2370 822 2440 Duillium,
853 2368 935 2427 M.
967 2367 1149 2426 filiurn
1167 2368 1263 2443 qui
1288 2368 1499 2425 Poenos
1527 2367 1711 2426 classe

130 2469 354 2545 primus
380 2467 690 2540 devicerat,
718 2465 1057 2524 redeuntem
1082 2484 1117 2522 a
1144 2463 1311 2521 coena
1338 2483 1533 2522 senem
1560 2483 1739 2539 saepe·

132 2565 400 2622 videbam
451 2581 628 2639 puer3
685 2561 1079 2619 delectabatur
1134 2561 1337 2618 crebro
1394 2561 1595 2632 funali,
1649 2569 1711 2616 et

131 2661 404 2732 tibicine,
475 2679 602 2735 quae
679 2659 810 2730 sibi,
886 2657 1047 2715 nullo
1112 2656 1388 2732 exemplo,
1455 2656 1709 2732 privatus

127 2767 492 2834 sumpserate
535 2765 760 2813 tantum
787 2755 1040 2813 licentiae
1070 2753 1243 2810 dabat
1270 2752 1470 2829 gloria.
1732 2757 1798 2809 25

213 2853 332 2912 Sed
361 2853 500 2928 quid
527 2870 638 2930 ego
667 2852 848 2910 alios'l
891 2849 962 2907 ad
987 2849 1270 2924 meipsum
1293 2848 1410 2923 jam
1438 2853 1703 2903 revertar.

130 2951 392 3010 Primum
415 2949 590 3007 habui
608 2967 836 3024 semper
855 2946 1113 3004 sodales:
1143 2941 1472 3002 sodalitates
1494 2949 1704 3015 autem,

132 3067 228 3107 me
289 3055 596 3124 questore,
655 3044 986 3112 constitute
1052 3051 1207 3112 sunt,
1275 3035 1455 3112 sacris
1533 3036 1705 3103 Idaeis
