2084 3517
312 305 393 365 40
864 312 1041 359 CATO
1079 311 1309 371 mon,
1348 313 1475 361 SEU

408 479 446 520 a
496 461 669 519 sociis
704 460 1026 531 attulisset3
1067 470 1128 519 et
1167 460 1392 519 caeteris
1429 461 1492 519 in
1530 460 1704 519 rebus
1743 478 1978 519 comem

406 576 547 636 erga
579 557 939 633 Lysandrum
976 568 1147 632 atque
1199 558 1512 619 humanum
1567 557 1763 629 fuisse,
1809 568 1873 615 et
1919 558 1978 615 ei

404 653 710 729 quemdam
764 664 1101 729 conseptum
1163 674 1381 731 agrum,
1423 654 1730 731 diligenter
1781 655 1978 711 consi-

406 759 547 822 tum,
601 751 937 809 ostendisse.
1021 752 1174 808 Cum
1214 761 1404 808 autem
1445 751 1822 807 admiraretur
1861 750 1980 826 Ly-

282 858 295 875 ‘
340 856 375 905 5
404 846 613 903 sander
671 857 731 905 et
766 848 1142 923 proceritates
1189 848 1476 920 arborum,
1505 857 1565 904 et
1609 847 1866 905 directos
1911 848 1974 905 in

404 943 789 1018 quincuncem
817 944 1066 1014 ordineS,
1095 954 1154 1001 et
1181 943 1416 1001 humum
1457 944 1756 1001 subactam
1798 953 1976 1018 atque

400 1058 625 1117 puram,
666 1051 723 1097 et
764 1041 1100 1098 suavitatem
1141 1039 1384 1097 odorum
1425 1040 1524 1114 qui
1567 1040 1896 1097 afflarentur
1939 1059 1974 1097 e

402 1136 669 1206 floribus3
712 1146 834 1193 tum
874 1136 1104 1206 dixisse,
1133 1136 1328 1192 mirari
1367 1154 1430 1193 se
1469 1154 1588 1193 non
1627 1136 1804 1192 modo
1845 1136 1975 1193 dili-

399 1232 675 1307 gentiam,
704 1231 807 1289 sed
832 1232 1007 1289 etiam
1055 1231 1346 1289 solertiam
1385 1232 1529 1307 ejus,
1561 1252 1594 1288 a
1625 1250 1739 1306 quo
1775 1242 1975 1289 essent

307 1334 370 1385 10
402 1326 501 1385 illa
538 1328 799 1385 dimensa
840 1338 1011 1403 atque
1051 1328 1365 1403 descripta3
1428 1337 1488 1385 et
1527 1328 1583 1385 ei
1625 1328 1842 1403 Cyrum
1885 1346 1975 1385 re·

400 1424 731 1499 spondisse:
774 1430 813 1456 ‘⁶
836 1425 1017 1499 Atqui
1057 1444 1166 1502 ego
1200 1425 1400 1481 >omnia
1437 1424 1546 1481 ista
1583 1443 1710 1482 sum
1751 1423 1974 1481 dimen-

400 1538 531 1579 sus:
588 1521 703 1579 mei
742 1532 873 1579 sunt
916 1522 1168 1593 ordines,
1213 1540 1343 1577 mea
1382 1521 1729 1597 descripti03
1772 1522 1971 1578 multae

399 1617 574 1673 etiam
627 1618 865 1675 istarum
906 1618 1174 1675 arborum
1212 1618 1343 1675 meai
1381 1636 1556 1675 manu
1597 1625 1732 1675 sunt
1769 1618 1967 1674 satae.”

401 1708 561 1767 Tum
601 1709 979 1785 Lysandrum,
1011 1711 1330 1770 intuentem
1369 1711 1494 1787 ejus
1535 1730 1865 1787 purpuram,
1911 1722 1972 1769 et
2058 1710 2059 1743 ἦ

306 1812 369 1861 15
400 1804 647 1862 nitorem
690 1806 967 1881 corporis,
1011 1816 1390 1881 ornatumque
1435 1807 1735 1865 Persicum
1781 1808 1968 1866 multo

401 1918 541 1959 auro
588 1901 893 1977 multisque
940 1902 1202 1979 gemmis,
1246 1903 1492 1971 dixisse:
1537 1904 1782 1961 “Recte
1829 1922 1970 1961 vero

394 2010 475 2070 te,
506 1996 677 2073 Cyre,
707 1999 937 2057 beatum
965 1999 1174 2071 ferunt,
1204 2000 1474 2074 quoniam
1503 2000 1697 2057 virtuti
1716 2008 1832 2057 tuae
1853 2000 1968 2057 for·
2058 2012 2059 2023 ¹

394 2102 541 2153 tuna
564 2094 877 2171 conjuncta
901 2097 1044 2153 est.'’

475 2189 607 2247 Hac
635 2191 808 2267 igitur
836 2191 1066 2249 fortuna
1093 2192 1204 2249 frui
1229 2192 1368 2249 licet
1395 2192 1660 2250 senibus:
1690 2210 1803 2249 nec
1827 2203 1966 2251 aetas

300 2298 364 2350 20
396 2283 653 2359 impedit,
696 2287 1001 2360 quominus
1040 2296 1100 2357 et
1141 2297 1477 2346 caeterarum
1518 2308 1728 2360 rerum,
1759 2298 1818 2347 et
1859 2289 1964 2358 irn-
2058 2282 2059 2291 ¹

394 2380 595 2457 primis
638 2382 763 2458 agri
807 2382 1058 2455 colendi,
1099 2384 1290 2441 studia
1329 2394 1626 2441 teneamus
1667 2404 1848 2459 usque
1890 2384 1962 2443 ad
2058 2380 2059 2433 Ϊ

393 2475 658 2535 ultimum
684 2487 909 2553 tempus
938 2479 1267 2537 senectutis.
1351 2478 1434 2536 M.
1477 2481 1709 2554 quidem
1738 2480 1962 2539 Valeri·
2058 2476 2059 2511 ³

392 2590 490 2629 um
530 2572 781 2631 Corvum
823 2574 1150 2649 accepimus
1191 2574 1262 2631 ad
1304 2576 1680 2633 centesimum
1743 2590 1960 2635 annum
2058 2652 2059 2657 ἵ

391 2668 744 2746 perduxisse,
790 2688 923 2727 cum
966 2680 1118 2727 esset
1163 2670 1292 2727 acta
1333 2671 1451 2747 jam
1495 2682 1660 2729 aetate
1691 2671 1750 2729 in
1781 2674 1957 2749 agris,

296 2770 361 2821 25
392 2784 600 2841 eosque
642 2765 887 2824 coleret:
946 2766 1109 2843 cujus
1154 2766 1302 2823 inter
1345 2767 1592 2843 primum
1635 2778 1694 2826 et
1735 2778 1958 2827 sextum

391 2862 769 2936 consulatum,
800 2882 899 2921 sex
919 2873 977 2921 et
1004 2864 1380 2940 quadraginta
1407 2864 1542 2923 anni
1557 2864 1954 2923 interfuerunt.

389 2955 593 3032 Itaque
622 2971 897 3035 quantum
916 2960 1162 3035 spatium
1189 2962 1374 3019 oetatis
1400 2960 1645 3037 majores
1669 2961 1851 3018 nostri
1883 2961 1956 3019 ad
2057 3040 2059 3047 A

394 3055 708 3115 senectutis
728 3056 951 3117 initium
980 3074 1108 3115 esse
1135 3056 1453 3129 voluerunt,
1481 3067 1672 3120 tantus
1713 3055 1796 3113 illi
1824 3074 1954 3115 cur-
