2084 3517
268 238 347 297 44
843 249 1019 295 caro
1051 246 1282 307 mma,
1314 246 1438 295 suu

359 400 551 475 genda
592 410 697 472 est,
746 401 797 457 si
838 400 1080 459 omnino
1123 400 1435 476 exstinguit
1479 398 1762 467 animum;
1825 408 1930 455 aut

358 496 531 553 etiam
574 497 843 571 optanda,
884 497 934 555 si
980 498 1174 571 aliquo
1218 515 1352 554 eum
1394 495 1648 566 deducit,
1695 494 1796 551 ubi
1851 495 1928 550 sit

360 593 579 650 futurus
608 604 870 651 aeternus.
954 595 1137 668 Atqui
1162 594 1394 650 tertium
1423 602 1580 648 certe
1599 592 1744 647 nihil
1765 592 1922 647 inve-

357 689 467 745 niri
506 698 711 763 potest.
790 690 961 751 Quid
1014 689 1188 765 igitur
1242 689 1492 758 timeam,
1548 686 1597 743 si
1651 697 1751 743 aut
1803 704 1924 741 non

294 801 327 848 5
356 784 527 841 miser
580 798 709 860 post
762 796 1023 857 mortem,
1067 795 1166 842 aut
1210 786 1414 841 beatus
1451 783 1646 855 etiam,
1689 783 1922 839 futurus

356 883 527 939 sum'l

428 978 785 1053 Quanquam
826 980 955 1054 quis
994 988 1083 1035 est
1123 988 1240 1034 tam
1281 976 1507 1048 stultus,
1547 975 1810 1050 quamvis
1849 974 1924 1031 sit

357 1074 711 1147 adolescens,
742 1076 839 1132 cui
866 1076 939 1131 sit
978 1075 1356 1149 exploratum,
1399 1092 1460 1129 se
1505 1073 1578 1129 ad
1620 1090 1922 1146 vesperum

354 1188 479 1226 esse
546 1172 873 1229 victurum?
976 1171 1319 1232 Quinetiam
1385 1180 1522 1227 aetas
1587 1168 1687 1225 illa
1739 1168 1922 1224 multo

262 1271 324 1319 10
352 1265 563 1340 plures,
620 1286 789 1341 quam
830 1277 1048 1338 nostra,
1091 1266 1292 1323 mortis
1332 1285 1500 1323 casus
1541 1266 1728 1321 habet.
1812 1264 1924 1321 Fa-

354 1362 521 1419 cilius
548 1364 607 1420 in
640 1365 873 1435 morbos
912 1363 1178 1421 incidunt
1221 1362 1648 1431 adolescentes;
1692 1360 1922 1437 gravius

352 1470 663 1535 aegrotant;
706 1460 923 1517 tristius
951 1469 1240 1517 curantur.
1323 1458 1526 1532 Itaque
1563 1458 1734 1532 pauci
1762 1457 1921 1513 veni-

351 1567 457 1613 unt
484 1557 555 1613 ad
584 1567 936 1614 senectutem
962 1577 975 1613 ε
1018 1556 1173 1630 quod
1193 1555 1252 1611 ni
1274 1556 1357 1612 ita
1378 1555 1685 1624 accideret,
1709 1553 1916 1610 melius

351 1662 408 1707 et
434 1653 771 1725 prudentius
799 1653 1097 1709 viveretur.
1181 1652 1352 1707 Mens
1379 1651 1554 1721 enim,
1584 1662 1640 1707 et
1667 1650 1835 1721 rati0‚
1860 1659 1920 1706 et

261 1760 321 1808 15
354 1747 674 1817 consilium,
706 1748 764 1803 in
806 1748 1037 1805 senibus
1079 1757 1196 1815 est;
1241 1747 1336 1821 qui
1379 1746 1428 1803 si
1467 1746 1610 1803 nulli
1651 1746 1910 1817 fuissent,

352 1842 533 1913 nullae·
568 1843 805 1899 omnino
850 1843 1113 1900 civitates
1157 1853 1364 1899 essent.
1465 1843 1582 1899 Sed
1625 1843 1798 1900 redeo
1843 1842 1916 1899 ad
1953 1908 1958 1911 ¹

354 1952 593 1995 mortem
638 1940 1081 2013 impendentem.
1159 1938 1341 2000 Quod
1387 1939 1526 1995 illud
1569 1949 1656 1995 est
1696 1939 1916 1995 crimen

352 2034 685 2099 senectutis»,
716 2054 851 2091 cum
890 2035 1031 2091 illud
1075 2035 1316 2091 videatis
1356 2054 1490 2090 cum
1531 2034 1920 2091 adolescentia

350 2148 476 2185 esse
505 2132 849 2187 commune?
932 2130 1102 2187 Sensi
1124 2149 1254 2206 egO,
1279 2148 1412 2186 cum
1440 2130 1498 2186 in
1541 2129 1756 2203 optimo
1797 2130 1918 2185 filio

256 2228 319 2276 20
350 2244 499 2295 mec,
530 2235 649 2281 tum
691 2226 752 2284 in
793 2226 1138 2300 exspectatis
1181 2226 1250 2281 ad
1295 2225 1698 2301 amplissimam
1728 2225 1914 2301 digni-

348 2326 524 2375 tatem
553 2320 819 2377 fratribus
847 2321 979 2392 tuiS,
1024 2321 1243 2396 Scipio,
1274 2322 1431 2377 omni
1475 2322 1628 2378 aetati
1669 2332 1906 2379 mortem

348 2433 473 2471 esse
503 2433 885 2473 communem.

426 2510 510 2567 At
550 2522 741 2585 sperat
772 2512 1128 2583 adolescens,
1159 2513 1258 2570 diu
1297 2531 1360 2569 se
1403 2512 1716 2581 victurum3
1762 2514 1914 2586 quod

303 2618 309 2623 ’
349 2626 577 2682 sperare
632 2607 783 2665 idem
838 2626 1015 2663 senex
1081 2628 1196 2665 non
1263 2618 1462 2683 potest.
1571 2606 1913 2681 Insipienter

251 2726 318 2775 25
348 2713 551 2779 sperat.
631 2702 797 2764 Quid
840 2703 995 2760 enim
1040 2704 1288 2774 stultius,
1331 2722 1501 2779 quam
1546 2702 1770 2760 incerta
1807 2724 1912 2779 pro

349 2800 522 2857 certis
550 2801 779 2871 habere,
812 2800 955 2859 salsa
983 2819 1091 2876 pro
1134 2801 1320 2857 veris?
1405 2802 1594 2857 Senex
1637 2819 1732 2871 ne,
1760 2800 1911 2874 quod

348 2907 535 2969 speret
564 2896 815 2971 quidem,
846 2898 1035 2955 habet.
1119 2897 1202 2954 At
1241 2908 1328 2954 est
1353 2914 1426 2954 eo
1453 2898 1688 2955 meliore
1716 2896 1910 2953 condi·-

346 2989 524 3063 tione,
555 3011 725 3066 quam
770 2994 1106 3053 adolescens
1123 3014 1138 3065 3
1183 3012 1316 3054 cum
1361 2994 1440 3067 id,
1469 2993 1624 3070 quod
1650 2992 1746 3050 ille
1787 3009 1908 3067 spe-
