2084 3517
723 312 812 358 DE
858 311 1261 360 nnmerum.
1780 296 1851 355 11

179 468 401 532 terent,
431 458 558 516 sine
589 458 800 533 quibus
826 459 1000 516 vitam
1037 459 1258 517 nullam
1296 455 1567 534 putarent
1582 475 1598 527 ;
1638 465 1765 514 tum

183 555 348 630 quod
389 564 796 632 spernerentur
839 556 911 612 ab
953 554 1042 627 iis,
1088 575 1123 613 a
1158 555 1371 636 quibus
1411 561 1605 611 essent
1647 552 1763 610 coli

179 651 377 722 soliti3
437 651 538 726 qui
569 641 728 708 'inihi
786 669 908 709 non
955 650 1031 708 id·
1064 651 1403 709 videbantur
1466 669 1763 721 accusare,

180 748 342 823 quod
411 757 562 806 esset
631 747 1041 806 accusandum.
1123 747 1183 804 N
1189 767 1300 820 am,
1358 747 1407 805 si
1468 747 1530 812 id
1590 741 1763 826 culpi‘i

179 846 502 904 senectutis
545 845 854 916 accideret,
882 845 1085 902 eadem
1126 844 1270 902 mihi
1309 864 1417 902 unu
1445 835 1759 917 evenirent,
1787 848 1823 896 5

179 941 538 1018 reliquisque
591 943 860 1000 omnibus
919 941 1235 1018 majoribus
1281 951 1454 998 natu:
1516 961 1761 1017 quorum

179 1058 298 1116 ego
324 1038 636 1096 multorum
665 1038 912 1114 cognovi
941 1048 1301 1097 senectutem
1338 1037 1465 1094 sine
1492 1039 1759 1113 queram

181 1135 288 1210 qui
339 1154 402 1192 se
443 1146 500 1193 et
539 1135 844 1194 libidinum
898 1134 1145 1194 vinculis
1170 1129 1421 1193 'laxatos
1476 1153 1603 1191 esse
1642 1153 1760 1192 non

180 1231 426 1288 moleste
466 1231 700 1302 ferrent,
737 1249 850 1288 nec
879 1230 1071 1289 anuis
1111 1230 1557 1306 despicerentur.
1641 1229 1761 1287 Sed

181 1327 444 1384 omnium
487 1327 811 1385 istiusmodi
856 1329 1218 1402 querelarum
1272 1327 1334 1384 in
1374 1326 1633 1384 moribus
1673 1337 1759 1384 est
1788 1340 1852 1389 10

181 1424 376 1499 culpa,
425 1443 544 1480 non
588 1423 648 1480 in
698 1433 882 1480 aetate.
966 1423 1258 1480 Moderati
1312 1424 1487 1494 enim,
1538 1433 1596 1480 et
1648 1441 1761 1480 nec

180 1520 468 1590 difficiles,
498 1537 612 1576 nec
639 1518 940 1576 inhumani
969 1537 1139 1574 senes
1178 1517 1539 1576 tolerabilem
1582 1529 1760 1594 agunt

179 1624 576 1674 senectutem:
615 1614 1017 1690 importunitas
1048 1624 1257 1687 autem,
1287 1624 1345 1672 et
1372 1613 1761 1672 inhumanitas

179 1712 342 1770 omni
370 1712 524 1770 aetati
560 1712 803 1770 molesta
829 1722 930 1770 est.

261 1810 497 1867 Laelius.
581 1809 706 1882 Est,
763 1819 826 1866 ut
883 1809 1050 1882 dicis,
1106 1809 1272 1868 Cato.
1357 1810 1475 1868 Sed
1518 1809 1757 1886 fortasse
1788 1817 1851 1866 15

179 1906 391 1964 dixerit
444 1906 748 1982 quispiam,
789 1906 916 1978 tibi,
964 1917 1197 1983 propter
1236 1925 1395 1982 opes,
1440 1916 1497 1964 et
1538 1905 1757 1981 copiaS,

179 2012 240 2062 et
293 2003 632 2080 dignitatem
685 2013 864 2074 tuam,
905 2003 1353 2078 tolerabiliorem
1400 1995 1758 2060 senectutem

180 2099 364 2157 videri
376 2121 406 2174 3?
440 2099 499 2156 id
531 2095 868 2157 antemon
894 2118 1066 2175 posse
1091 2099 1287 2179 multis
1315 2097 1673 2174 contingere.

266 2195 424 2254 Cata.
509 2195 616 2253 Est
657 2196 808 2253 istuc
837 2194 1090 2270 quidem,
1148 2194 1313 2264 Laeli,
1362 2193 1611 2267 aliquid3
1654 2193 1756 2250 sed

181 2293 547 2368 nequaquam
575 2293 636 2350 in
667 2292 778 2350 isto
805 2301 940 2348 sunt
965 2291 1193 2378 omnia:
1236 2300 1301 2347 ut
1328 2289 1757 2348 Themistocles
1784 2306 1849 2356 20

183 2389 360 2448 fertur
409 2389 679 2465 Seriphio
726 2389 958 2446 cuidam
1007 2388 1067 2444 in
1124 2387 1317 2465 jurgio
1370 2387 1756 2463 respondisse,

183 2505 318 2543 cum
371 2486 468 2544 ille
523 2485 778 2556 dixisset,
832 2503 950 2542 non
1016 2504 1149 2542 eum
1216 2485 1341 2556 sua,
1396 2485 1497 2544 ned
1557 2484 1757 2560 patriae

181 2581 366 2658 gloria
394 2580 757 2657 splendorem
803 2589 1131 2637 assecutum
1148 2600 1163 2650 3
1221 2586 1258 2612 “
1277 2579 1431 2650 Nec,
1461 2579 1753 2649 hercule,'’

182 2677 390 2751 inquit,
432 2677 484 2733 si
523 2695 634 2754 ego
674 2675 974 2751 Seriphius
1002 2695 1208 2747 essem,
1250 2675 1459 2733 nobilis
1477 2695 1491 2744 ;
1520 2693 1631 2732 nec
1672 2682 1755 2743 tu,

183 2772 233 2830 si
289 2771 664 2830 Atheniensis
717 2791 892 2844 esses,
951 2773 1142 2829 clarus
1198 2790 1453 2865 unquasm
1494 2770 1753 2827 fuisses.”
1782 2777 1848 2826 25

181 2868 365 2930 Quod
427 2869 630 2926 eodem
689 2869 864 2926 modo
917 2868 990 2926 de
1044 2878 1343 2926 senectute
1380 2873 1570 2942 potest
1620 2863 1754 2924 dici.

183 2965 394 3041 Neque
434 2965 594 3022 enim
634 2965 694 3023 in
723 2965 948 3023 summa
975 2965 1171 3040 inopia
1212 2964 1355 3021 levis
1394 2979 1520 3019 esse
1561 2979 1760 3022 senec-

186 3071 277 3122 tus
323 3071 530 3141 potest,
580 3079 654 3119 ne
687 3062 943 3137 ‘sapienti
987 3061 1254 3136 quidem3
1296 3076 1409 3116 nec
1444 3056 1759 3134 insipienti,
