2084 3517
445 304 715 369 LAELmS,
754 310 901 359 swa
939 311 1025 357 nn
1066 310 1380 359 Amcrru.
1711 298 1793 359 77

25 466 28 473 ·
113 452 297 511 etiam
340 464 473 529 post
518 468 782 528 mortem,
824 458 1010 515 secuti
1055 458 1224 516 amici
1267 468 1326 516 et
1371 456 1696 533 propinqui,

112 550 255 625 quid
306 550 369 607 in
408 550 470 608 P.
516 552 851 627 Scipionem
896 554 1210 625 effecerint,
1255 555 1378 612 sine
1426 554 1696 629 lacrymis

112 664 237 703 non
265 665 420 720 queo
446 648 659 705 dicere.
742 648 897 705 Nam
915 649 1261 720 Carbonem,
1279 669 1504 725 quoquo
1521 650 1694 707 modo

112 742 435 816 potuimus,
463 753 693 819 propter
720 754 1015 801 recentem
1040 762 1268 819 poenarn
1295 730 1392 803 Ti‘.
1416 745 1689 818 Gracchi,

114 838 537 897 sustinuimus:
596 839 668 895 de
710 838 778 896 C.
832 839 1088 897 Gracchi
1143 849 1331 896 autem
1377 841 1687 914 tribunatu,
1719 852 1752 901 5

114 934 257 1009 quid
286 944 634 1009 exspectem,
652 954 769 992 non
788 935 929 992 libet
947 935 1234 1012 augurari.
1315 936 1508 1012 Serpit
1529 939 1690 996 enim

116 1030 333 1087 deinde
379 1048 513 1087 res:
569 1050 693 1105 quae
736 1032 1046 1106 proclivius
1077 1032 1148 1089 ad
1189 1032 1525 1107 perniciem,
1556 1052 1690 1090 cum

114 1125 297 1183 semel
353 1126 547 1202 coepit,
593 1126 817 1185 labitur.
900 1128 1148 1199 Videtis,
1203 1127 1262 1185 in
1317 1128 1528 1186 tabella
1569 1129 1690 1205 jam

118 1232 253 1278 ante
279 1232 497 1297 quanta
522 1222 597 1279 sit
624 1222 777 1280 facta
801 1224 979 1295 labeS,
1022 1225 1212 1299 primo
1238 1225 1492 1281 Gabinia
1535 1225 1684 1302 lege,

115 1318 357 1375 biennio
390 1328 577 1375 autem
602 1329 751 1393 post,
784 1320 1009 1376 Cass-ia.
1093 1321 1310 1377 Videre
1345 1321 1463 1396 jam
1487 1321 1686 1378 videor
1717 1330 1780 1379 10

112 1414 396 1489 populum
441 1433 476 1471 a
527 1424 729 1471 senatu
777 1416 1146 1490 disjunctum,
1196 1416 1688 1491 multitudinisque

116 1510 357 1568 arbitrio
384 1529 476 1567 res
502 1510 779 1567 maximas
817 1511 926 1586 agi.
1009 1510 1210 1568 Plures
1251 1510 1404 1567 enim
1445 1510 1686 1582 discent,

113 1606 599 1679 quemadmodum
627 1606 753 1663 hoec
790 1606 950 1677 fiant,
999 1625 1169 1681 quam
1212 1606 1688 1681 quemadmodum

114 1701 205 1759 his
233 1702 550 1760 resistatur.

190 1798 495 1860 Quorsum
536 1800 712 1856 haec'!
752 1800 888 1875 quia
932 1801 1057 1857 sine
1095 1800 1270 1858 sociis
1311 1820 1482 1859 nemo
1527 1802 1688 1877 quid·
1715 1805 1776 1855 15

115 1908 288 1969 quarn
316 1894 432 1951 tale
460 1905 715 1953 conatur.
798 1896 1256 1970 Praecipiendum
1280 1907 1366 1953 est
1393 1898 1566 1973 igitur
1587 1899 1688 1955 bo-

112 1990 228 2061 niS,
246 1998 333 2060 ut,
362 1989 412 2046 si
440 1990 499 2047 in
530 1990 811 2066 ejusmodi
835 1991 1118 2047 amicitias
1135 1991 1321 2066 ignari
1343 2010 1480 2047 casu
1500 1992 1688 2066 aliquo

114 2085 451 2157 inciderint,
496 2104 569 2143 ne
606 2086 953 2156 existiment,
1002 2086 1084 2143 ita
1117 2104 1182 2141 se
1213 2085 1494 2161 alligatoS,
1523 2096 1586 2142 ut
1615 2087 1688 2143 ab

116 2180 326 2238 amicis
348 2181 407 2238 in
429 2182 640 2258 magna
670 2181 859 2256 aliqua
885 2200 949 2237 re
969 2181 1348 2256 peccantibus
1364 2200 1478 2239 non
1507 2182 1690 2240 disce-

113 2276 274 2335 dant.
359 2276 643 2353 Improbis
672 2287 859 2335 autem
886 2296 1060 2352 pona
1086 2278 1387 2335 statuenda
1411 2288 1530 2349 est3
1573 2298 1684 2337 nec
1713 2292 1778 2343 zo

112 2391 256 2431 vero
283 2372 468 2430 minor
498 2373 568 2431 iis
590 2373 688 2448 qui
716 2373 901 2431 secuti
929 2383 1099 2430 erunt
1129 2373 1389 2446 alterum,
1416 2394 1584 2449 quam
1613 2376 1684 2435 iis

115 2469 216 2544 qui
258 2468 369 2543 ipsi
410 2469 621 2527 suerint
663 2452 973 2544 impietatis
1012 2470 1207 2527 duces.
1288 2471 1444 2533 Quis
1477 2472 1685 2531 clarior

116 2564 179 2621 in
224 2564 457 2622 Graecifi.
503 2565 947 2622 Themistocle?
1005 2566 1135 2639 quis
1175 2566 1508 2642 potentior?
1565 2567 1684 2642 qui,

118 2678 255 2717 cum
284 2659 589 2735 imperator
616 2660 769 2717 bello
810 2661 1044 2719 Persico
1091 2663 1362 2720 servitute
1399 2661 1686 2719 Graeciam

118 2755 440 2828 liberasset,
479 2766 820 2832 propterque
860 2756 1134 2813 invidiam
1173 2757 1234 2814 in
1275 2756 1536 2814 exsilium
1562 2754 1687 2829 pul·
1714 2760 1780 2811 25

121 2870 217 2909 sus
244 2862 416 2924 esset,
438 2852 683 2929 ingratae
708 2852 908 2927 patriae
927 2851 1192 2927 injuriam
1210 2870 1328 2909 non
1348 2850 1500 2919 tulit,
1517 2866 1687 2923 quam

121 2948 271 3005 ferre
299 2947 515 3005 debuit.
598 2946 767 3005 Fecit
794 2947 968 3020 idem,
1017 2946 1172 3021 quod
1211 2946 1334 3003 XX
1364 2943 1527 3001 annis
1555 2954 1688 3003 ante

122 3044 274 3120 apud
299 3062 409 3103 nos
436 3040 651 3102 fecerat
678 3042 1038 3102 Coriolanus.
1104 3040 1216 3100 His
1238 3040 1460 3116 adjutor
1486 3049 1688 3101 contra

510 3140 549 3196 7
578 3137 612 3172 ᾗ
