2084 3517
311 281 393 340 54
524 289 700 339 cuo
742 290 971 350 mAJoR,
999 289 1125 338 ssu
1168 287 1265 338 DE
1306 287 1745 340 SENECTUTE.

407 459 502 498 me
528 441 650 518 ipse
675 442 1035 515 consolabar,
1064 441 1419 515 existimans,
1446 461 1565 500 non
1591 439 1975 520 longinquum

407 539 556 598 inter
583 558 690 596 nos
717 539 1034 616 digressum
1062 550 1121 597 et
1148 540 1463 598 discessum
1492 539 1630 598 fore.

485 635 596 694 His
621 635 763 693 mihi
789 637 980 710 rebus,
1011 637 1230 713 Scipio,
1262 635 1350 714 (id
1377 637 1532 694 enim
1552 646 1611 693 te
1632 655 1766 694 cum
1786 633 1976 693 Laelio

407 733 674 790 admirari
727 733 914 790 solere
968 734 1189 814 dixisti)
1240 733 1381 792 levis
1422 742 1511 791 est
1538 743 1827 804 senectae,
1855 751 1974 791 nec

341 842 374 890 6
403 829 588 888 solum
609 847 728 890 non
755 831 1014 903 molesta,
1044 831 1145 888 sed
1166 830 1338 888 etiam
1360 829 1635 906 jucunda„
1713 828 1898 891 Quod
1920 829 1972 887 si

403 927 464 987 in
493 927 605 984 hoc
646 946 794 1000 erro,
823 928 976 1004 quod
1017 927 1238 986 animos
1277 927 1577 984 hominum
1604 923 1974 989 'immortales

401 1041 528 1082 esse
555 1025 807 1095 credam,
837 1024 1099 1082 lubenter
1124 1041 1287 1082 erro:
1330 1042 1443 1081 nec
1470 1022 1613 1081 mihi
1630 1023 1786 1080 hunc
1814 1041 1975 1081 erro-

399 1139 542 1193 rem,
587 1140 700 1196 quo
747 1120 1024 1193 delector,
1076 1121 1212 1178 dum
1260 1121 1408 1193 viv0,
1454 1119 1777 1195 extorqueri
1815 1120 1969 1178 volo.

401 1217 528 1288 Sin,
558 1227 834 1288 mortuae,
867 1215 957 1293 (ut
981 1217 1217 1292 quidam
1242 1217 1452 1276 minuti
1475 1215 1804 1294 philosophi
1832 1235 1973 1274 cen-

310 1310 372 1360 10
399 1313 554 1394 sent)
585 1313 725 1370 nihil
768 1313 1044 1384 sentium
1086 1332 1206 1371 non
1246 1332 1463 1386 vereor,
1502 1331 1579 1370 ne
1618 1313 1775 1370 hunc
1814 1331 1974 1372 erro-

399 1429 521 1468 rem
569 1429 759 1469 meum
797 1411 1010 1470 mortui
1048 1410 1376 1487 philosophi
1417 1410 1705 1468 irrideant.
1786 1409 1970 1472 Quod

399 1506 450 1564 si
477 1525 596 1566 non
623 1526 820 1565 sumus
845 1505 1197 1565 immortales
1225 1505 1423 1580 futuri,
1452 1515 1645 1564 tamen
1673 1505 1969 1582 exstingui

401 1603 621 1660 homini
673 1621 780 1660 suo
819 1613 1077 1679 tempore
1118 1603 1371 1678 optabile
1410 1613 1513 1660 est.
1595 1601 1655 1659 N
1660 1620 1750 1659 am
1792 1602 1969 1660 habet
2050 1625 2052 1674 ᾗ

399 1707 622 1767 natura,
653 1708 716 1754 ut
759 1697 996 1756 aliarum
1037 1699 1297 1756 omnium
1337 1717 1548 1771 rerum,
1578 1698 1665 1756 sic
1710 1697 1965 1770 vivendi,

310 1788 372 1836 15
399 1792 650 1851 modum.
747 1793 1033 1850 Senectus
1082 1803 1273 1850 autem
1310 1795 1567 1869 peractio
1621 1793 1804 1852 aetatis
1858 1804 1964 1866 est,

397 1897 666 1964 tanquam
717 1888 955 1959 fabulae3
1024 1889 1192 1965 cujus
1238 1889 1709 1968 defatigationem
1762 1891 1965 1968 fugere

399 1985 693 2058 debemus,
719 1986 1038 2062 praesertim
1070 1987 1339 2063 adjuncta
1366 1987 1646 2046 satietate.

478 2083 626 2142 Haec
681 2083 874 2156 habui,
902 2083 977 2140 de·
1029 2093 1329 2143 senectute
1383 2103 1508 2160 quae
1561 2084 1850 2156 dicerem;
1895 2083 1963 2142 ad

399 2199 570 2254 quam
597 2180 817 2238 utinam
837 2180 1215 2256 perveniatis!
1258 2190 1323 2239 ut
1349 2199 1437 2253 ea,
1468 2199 1593 2257 quae
1636 2198 1709 2238 ex
1746 2199 1842 2239 me
1870 2199 1965 2239 au·

305 2269 372 2320 2⁰
400 2273 584 2348 distis,
613 2293 675 2332 re
701 2275 942 2352 experti,
971 2276 1215 2352 probare
1241 2275 1489 2352 possitis.

2050 1675 2052 1731 Ι

2048 1915 2050 1956 ι

2048 1979 2050 2037 1
