2084 3517
636 312 723 363 DE
752 312 1156 363 sumerum
1693 300 1778 361 2⁷

102 461 219 521 ista
244 443 449 521 senilis
474 463 719 523 stultitia
738 462 895 541 (quae
920 464 1186 525 deliratio
1207 460 1481 541 appellari
1507 459 1678 541 solet)

102 578 313 617 senum
340 559 555 617 levium
581 570 689 632 est,
718 579 834 619 non
861 561 1132 619 omnium.

182 654 462 716 Quatuor
490 656 757 713 robustos
796 655 963 727 filios,
992 656 1242 731 quinque
1268 655 1433 727 filias,
1463 664 1682 713 tantam

104 750 366 822 domum,
422 760 633 809 tantas·
666 751 985 823 clientelas,
1042 751 1268 828 Appius
1320 752 1574 829 regebat,
1621 760 1680 809 et

103 865 287 904 senex
328 856 388 903 et
430 865 654 905 caecus:
704 847 991 907 intentum
1030 847 1186 905 enim
1230 847 1500 920 animum,
1539 858 1680 906 tem-
1708 864 1741 913 5

101 962 279 1019 quam
311 962 529 1015 arcum,
558 944 835 1015 habebat3
868 962 981 1003 nec
1006 945 1392 1022 languescens
1417 963 1680 1003 succum-

103 1040 282 1097 bebat
322 1040 624 1098 senectuti.
706 1040 975 1099 Tenebat
1013 1060 1129 1101 non
1171 1040 1342 1099 modo
1381 1041 1682 1099 auctorita·
1771 1076 1780 1085 -

102 1146 245 1209 tem,
288 1137 393 1193 sed
432 1137 606 1194 etiam
646 1137 967 1213 imperium,
1008 1138 1068 1197 in
1125 1157 1292 1197 suos:
1348 1137 1704 1196 metuebant·

104 1231 290 1304 servi3
350 1234 691 1293 verebantur
744 1233 911 1293 liberi
928 1254 943 1305 ;
1006 1252 1206 1293 carum
1257 1252 1456 1293 omnes
1509 1234 1682 1293 habe-

104 1330 280 1387 bant:
326 1329 556 1407 vigebat
594 1330 655 1391 in
696 1330 797 1389 ius
834 1331 1007 1389 domo
1045 1330 1268 1407 patrius
1307 1349 1430 1391 mos
1465 1341 1526 1390 et
1564 1331 1680 1389 dis-
1709 1335 1772 1385 10

106 1426 342 1501 ciplina.
441 1473 448 1479 .
1253 1443 1264 1453 ·

180 1521 279 1581 Ita
318 1521 474 1579 enim
515 1531 783 1581 senectus
822 1521 1068 1579 honesta
1105 1529 1212 1593 est,
1241 1520 1290 1578 si
1331 1538 1395 1578 se
1435 1519 1562 1596 ipsa
1583 1520 1682 1578 de-

106 1617 313 1690 fendit,
342 1617 393 1675 si
414 1618 509 1694 jus
535 1636 703 1677 suum
729 1617 958 1689 retinet,
988 1617 1037 1675 si
1073 1617 1291 1677 nemini
1319 1617 1682 1695 emancipata

105 1724 213 1786 est,
244 1713 296 1771 si
323 1732 502 1789 usque
532 1714 603 1773 ad
631 1724 949 1773 extremum
975 1714 1238 1790 spiritum
1265 1714 1590 1775 dominatur
1615 1715 1678 1774 in

104 1829 261 1870 suosz
342 1810 423 1869 Ut
460 1810 615 1869 enim
658 1810 1102 1883 adolescentem,
1131 1812 1192 1869 in
1217 1832 1330 1888 quo
1357 1812 1538 1871 senile
1579 1813 1688 1871 ali-¹
1709 1826 1794 1883 15„

102 1906 265 1983 quid,
294 1906 383 1965 sie
422 1926 637 1979 senem,
667 1906 727 1967 in
756 1927 867 1982 quo
892 1918 981 1967 est
1022 1908 1402 1967 adolescentis
1443 1909 1675 1984 aliquid,

100 2004 319 2079 probo:
362 2003 514 2078 quod
554 2003 652 2078 qui
708 2004 984 2078 sequitur,
1026 2022 1266 2079 corpore
1322 2023 1498 2062 senex
1551 2024 1678 2063 esse

102 2099 337 2173 poterit,
394 2097 585 2157 animo
634 2116 930 2173 nunquam
983 2098 1110 2155 erit.
1193 2098 1486 2174 Septimus
1536 2098 1678 2156 mihi

106 2201 144 2229 “
164 2194 529 2271 Originum''
572 2195 717 2253 liber
758 2204 847 2253 est
884 2193 947 2252 in
972 2193 1273 2253 manibus:
1315 2194 1510 2253 omnia
1537 2194 1680 2254 anti-

105 2291 343 2366 quitatis
360 2300 735 2349 monumenta
755 2290 995 2367 colligo‘:
1026 2308 1328 2349 causarum
1349 2290 1674 2365 illustrium,
1705 2294 1770 2349 20

104 2405 499 2462 quascumque
538 2386 790 2458 defendi,
832 2405 991 2444 nunc
1047 2404 1217 2460 quam
1257 2387 1502 2447 maxime
1541 2406 1678 2448 con-

105 2483 239 2541 ficio
278 2483 599 2541 orationes:
635 2483 729 2558 jus
770 2502 1069 2560 augurum,
1109 2484 1464 2559 pontificum,
1505 2485 1676 2543 civile

107 2587 325 2636 tracto:
368 2578 609 2637 multum
650 2578 825 2637 etiam
864 2579 1088 2637 Graecis
1109 2580 1304 2641 'literis
1344 2591 1505 2639 utor:
1567 2582 1676 2657 Py-

106 2675 623 2752 thagoreorumque
650 2692 826 2747 more,
856 2676 1192 2735 exercendae
1233 2668 1536 2735 memoriae'
1549 2694 1676 2752 gra-

107 2771 209 2843 tis,
238 2770 377 2846 quid
406 2790 627 2846 quoque
668 2771 761 2829 die
802 2772 1065 2843 dixerim,
1107 2772 1404 2845 audierim,
1433 2769 1671 2849 egerim,
1701 2782 1768 2833 25

107 2885 499 2925 commemoro
550 2867 787 2942 vesperi.
890 2866 1000 2925 Hae
1054 2878 1186 2925 sunt
1239 2866 1674 2927 exercitationes

106 2963 351 3041 ingenii,
394 2962 521 3019 haec
548 2962 837 3020 curricula
874 2963 1118 3021 mentis:
1159 2964 1220 3023 in
1260 2964 1350 3022 his
1389 2962 1676 3023 desudans

11 3140 13 3147 k
106 3069 281 3142 atque
321 3058 643 3130 elaborans,
686 3059 943 3138 corporis
979 3060 1130 3123 vires
1167 3078 1284 3119 non
1329 3076 1674 3139 magnopere
