2084 3517
752 313 838 359 m:
881 312 1284 362 sannorum.
1809 304 1852 361 9

260 458 343 517 11.
405 459 622 535 Scipio.
705 460 1116 536 Saepenumero
1147 460 1416 519 admirari
1445 461 1604 519 soleo
1625 478 1760 518 cum

168 554 301 613 hoo
322 553 391 613 C.
422 554 625 627 Laelio,
648 565 771 613 tum
800 566 1140 613 caeterarum
1166 576 1360 614 rerum
1386 567 1547 615 tuam
1575 556 1763 615 excel-

166 653 420 724 lentem,
450 650 534 709 M.
564 650 734 723 Cat0,
766 653 1196 727 perfectamque
1237 652 1596 730 sapientiam,
1637 662 1760 709 tum

166 748 275 805 vel
304 747 572 819 maxime,
602 748 755 822 quod
782 766 1080 824 nunquam
1108 736 1464 806 senectutem
1491 748 1599 806 tibi
1636 768 1762 825 gra-

167 862 316 901 vem
362 862 489 901 esse
538 844 849 902 senserim:
880 863 1005 919 quae
1052 844 1342 919 plerisque
1390 845 1624 901 senibus
1673 844 1758 902 sic
1785 861 1819 910 5

172 940 391 999 odiosa
448 950 565 1013 est,
610 951 675 998 ut
726 960 885 998 onus
928 960 990 999 se
1045 941 1226 999 AEtna
1281 942 1510 1019 gravius
1562 942 1758 1001 dicant

171 1036 487 1095 sustinere.

269 1132 432 1191 Cato.
514 1132 669 1191 Rem
716 1133 870 1191 haud
912 1152 1052 1191 sane
1101 1134 1415 1207 difficilem,
1459 1134 1660 1210 Scipio
1701 1144 1758 1191 et

174 1228 349 1301 Laeli,
376 1228 645 1304 admirari
668 1229 956 1288 videmini.
1024 1230 1261 1291 Quibus
1289 1230 1445 1288 enim
1465 1230 1609 1287 nihil
1631 1231 1757 1307 opis

177 1336 273 1383 est
300 1325 360 1383 in
390 1325 529 1401 ipsis
558 1325 629 1387 ad
650 1326 798 1383 bene
826 1327 1106 1402 beateque
1117 1312 1452 1419 vivendum,
1476 1312 1548 1385 iis
1569 1327 1756 1385 omnis
1788 1333 1850 1382 10

178 1421 375 1499 gravis
402 1417 491 1479 ebt
518 1431 691 1497 oetas:
734 1422 835 1496 qui
864 1434 1056 1486 autem
1083 1422 1280 1480 omnia
1313 1404 1468 1479 bona
1496 1442 1530 1480 a
1555 1422 1758 1497 seipsis

174 1528 413 1595 petunt,
430 1517 503 1575 iis
522 1518 668 1587 nihil
698 1527 889 1593 potest
906 1518 1124 1575 malum
1144 1517 1326 1574 videri
1331 1518 1519 1593 ,quod
1540 1527 1758 1575 naturae

179 1612 503 1672 necessitas
540 1614 753 1671 afferat.
832 1613 977 1674 Quo
1004 1612 1066 1671 in
1094 1632 1308 1691 genere
1335 1613 1396 1671 in
1431 1613 1633 1689 primis
1673 1623 1759 1675 est

180 1719 474 1783 senectus,
516 1728 688 1785 quam
730 1718 794 1766 ut
833 1710 1244 1786 adipiscantur,
1287 1728 1488 1767 omnes
1523 1719 1755 1785 optant:

182 1807 429 1865 eandem
458 1816 735 1864 accusant
776 1803 968 1882 adepti
999 1826 1013 1864 ε
1055 1816 1217 1865 tanta
1241 1816 1330 1864 est
1371 1806 1760 1865 inconstantia
1789 1817 1850 1866 15

182 1903 463 1975 stultitiae,
494 1912 664 1979 atque
690 1902 1048 1979 perversitas,
1922 1894 1932 1899 ⁵

262 1983 583 2074 obrepere,
614 1999 795 2071 aiunt,
838 2017 965 2055 eam
1008 1998 1182 2057 citius
1231 2017 1400 2073 quam
1441 1998 1755 2073 putassent.

180 2094 467 2167 Primum,
508 2095 639 2171 quis
692 2094 889 2171 coegit
942 2112 1044 2150 eos
1091 2094 1298 2151 falsum
1350 2096 1598 2168 putare?
1659 2095 1758 2169 qui

183 2191 345 2250 enim
384 2191 559 2249 citius
600 2190 1001 2249 adolescentiae
1042 2199 1332 2261 senectUS,
1361 2208 1532 2264 quam
1571 2190 1760 2266 pueri-

184 2288 283 2346 tiae
334 2287 743 2359 adolescentia,
780 2286 1046 2362 obrepit?
1127 2286 1378 2357 Deinde,
1421 2286 1522 2361 qui
1570 2287 1759 2345 minus
1787 2295 1852 2345 20

184 2383 377 2461 gravis
433 2393 583 2440 esset
640 2382 712 2440 iis
766 2392 1053 2454 senectuS,
1109 2381 1158 2439 si
1215 2382 1761 2459 octingentesimum

187 2500 404 2538 annum
436 2489 688 2557 agerent,
720 2499 890 2555 quam
920 2478 1381 2555 octogesimum?
1463 2478 1764 2537 Praeterita

186 2576 359 2633 enim
376 2585 532 2647 astas,
576 2574 831 2650 quamvis
858 2574 1052 2651 longa,
1085 2592 1218 2631 cum
1247 2574 1575 2646 effluxisset,
1602 2572 1762 2631 nulla

186 2671 587 2730 consolatione
637 2670 997 2748 permulcere
1045 2680 1239 2746 posset
1285 2670 1516 2728 stultam
1565 2686 1763 2727 senec-

182 2776 387 2827 tutem.
721 2802 731 2812 ·
1787 2780 1851 2830 25

262 2863 590 2936 Quocirca,
612 2864 661 2921 ni
682 2863 1022 2939 sapientiam
1042 2880 1230 2919 meam
1255 2860 1522 2921 admirari
1543 2858 1759 2933 soletis,

190 2958 346 3039 (quae
374 2958 597 3017 utinam
625 2958 803 3037 digna
826 2967 979 3017 esset
1005 2956 1279 3034 opinione
1306 2952 1513 3026 vestra,
1541 2964 1763 3013 nostro-

2 3085 15 3154 ι
188 3074 303 3133 que
328 3054 679 3135 cognomine
698 3056 742 3134 ἱ)
786 3055 847 3114 ιιι
884 3055 999 3113 hoc
1045 3070 1246 3113 sumus
1271 3050 1578 3127 sapientes,
1605 3049 1762 3127 quod
