2084 3517
295 303 377 362 52
877 309 1053 356 cxro
1092 309 1324 369 nuos,
1362 309 1489 356 ssu

391 458 574 532 debit,
607 469 703 518 aut
730 467 951 534 patrem
977 469 1143 529 tuum
1182 460 1443 532 Paulum,
1475 469 1571 518 aut
1608 459 1763 519 duos
1804 481 1993 538 avos,

393 557 636 615 Paulum
661 565 720 613 et
759 557 1123 630 Africanum,
1156 569 1253 616 aut
1278 557 1542 616 Africani
1580 567 1831 632 patrem,
1872 571 1987 618 aut

391 662 676 728 patruum,
709 661 804 710 aut
831 653 1040 711 multos
1079 663 1409 731 praestantes
1435 653 1607 725 viros,
1635 673 1785 730 quos
1826 674 1994 714 enu-

393 765 612 804 merare
639 767 757 806 non
785 757 872 806 est
911 767 1170 822 necesse,
1200 758 1359 806 tanta
1385 767 1511 805 esse
1540 761 1807 822 conatos,
1838 772 1987 828 quae

328 853 361 902 5
394 843 464 901 ad
489 845 840 918 posteritatis
866 846 1199 904 memoriam
1224 845 1595 921 pertinerent,
1620 846 1735 903 nisi
1766 847 1983 906 animo
2049 863 2050 926 g

393 952 714 1015 cernerent,
771 942 1161 1019 posteritatem
1215 941 1287 998 ad
1338 960 1400 998 se
1451 941 1759 1016 pertinere.
1866 944 1983 1002 An

392 1055 596 1095 censes
625 1037 716 1115 (ut
743 1039 816 1094 de
842 1057 934 1096 me
975 1037 1101 1112 ipso
1144 1037 1354 1113 aliquid
1395 1055 1554 1095 more
1594 1055 1801 1096 senum
1846 1040 1983 1117 glo-

391 1133 531 1212 tier)
576 1153 670 1191 me
722 1144 911 1192 tantos
961 1133 1189 1191 labores
1240 1133 1477 1192 diurnos
1526 1143 1981 1212 nocturnosque
2049 1159 2050 1212 3

389 1227 546 1286 domi
587 1229 922 1304 militiaeque
965 1240 1371 1305 suscepturum
1398 1229 1593 1301 fuisse,
1648 1228 1698 1287 si
1753 1231 1977 1290 iisdem
2049 1245 2050 1272 ³

295 1327 357 1378 10
388 1325 600 1384 finibus
639 1325 877 1402 gloriam
916 1344 1124 1398 meam,
1151 1326 1357 1403 quibus
1396 1326 1589 1397 vitam,
1618 1345 1809 1385 essem
1854 1339 1981 1387 ter-

385 1420 744 1488 minaturus?
823 1407 1038 1482 Nonne
1078 1423 1285 1482 meliu-
1324 1423 1507 1480 multo
1548 1422 1771 1496 fuisset,
1813 1427 1977 1484 otio-

387 1535 517 1580 sam·
538 1531 761 1579 aetatem
789 1533 846 1578 et
873 1521 1143 1596 quietam,
1172 1521 1297 1578 sine
1326 1520 1445 1578 ullo
1482 1519 1679 1578 labore
1720 1528 1781 1577 et
1821 1539 1976 1580 con-

388 1618 666 1690 tentione,
734 1617 1075 1682 traducere?
1177 1617 1314 1690 Sed,
1380 1617 1580 1674 nescio
1645 1619 1972 1693 quomoda,
2049 1641 2050 1648 ¹

391 1713 634 1784 animus,
703 1712 930 1788 erigens
995 1731 1078 1784 se,
1126 1713 1516 1789 posteritatem
1582 1732 1805 1789 semper
1878 1715 1975 1775 ita

293 1808 357 1858 15
387 1807 792 1886 prospiciebat,
823 1808 1005 1883 quasi,
1036 1823 1171 1868 cum
1211 1808 1551 1867 excessisset
1588 1828 1622 1866 e
1660 1809 1799 1883 vita,
1832 1820 1973 1872 tum

389 1904 636 1981 denique
661 1905 918 1964 victurus
943 1913 1112 1964 esset.
1192 1904 1374 1967 Quod
1400 1905 1633 1980 quidem
1660 1905 1723 1963 ni
1764 1907 1851 1965 ita
1898 1928 1970 1967 se
2049 1913 2050 1916 ’

388 2003 646 2076 haberet,
673 2013 738 2062 ut
768 2001 943 2062 animi
970 2001 1321 2061 immortales
1348 2012 1557 2074 essent,
1576 2002 1728 2060 haud
1750 2003 1967 2079 optimi
2049 2051 2050 2054 η

387 2101 666 2177 cujusque
693 2100 917 2160 animus
942 2100 1190 2160 maxime
1218 2098 1289 2157 ad
1317 2097 1805 2158 immortalitatem
1833 2101 1964 2178 glo-

385 2198 487 2256 riae
515 2197 808 2256 niteretur.

287 2301 356 2352 20
463 2291 649 2365 Quid,
679 2295 833 2368 quod
859 2293 1313 2371 sapientissimus
1352 2292 1591 2369 quisque
1631 2291 1962 2368 aequissimo

389 2387 582 2448 animo
608 2390 866 2462 moritur,
897 2390 1267 2448 stultissimus
1294 2389 1696 2465 iniquissimo?
1736 2388 1969 2450 Nonne

385 2484 550 2544 vobis
577 2485 799 2543 videtur
829 2487 1055 2544 animus
1084 2487 1152 2559 is,
1180 2486 1278 2562 qui
1302 2486 1433 2562 plus
1461 2496 1661 2545 cernat
1686 2497 1745 2544 et
1770 2487 1967 2566 longi-

387 2603 476 2654 us,
499 2581 715 2654 videre,
745 2601 807 2641 se
850 2583 922 2640 ad
961 2583 1203 2641 meliora
1238 2583 1559 2658 proficisci3
1604 2583 1701 2641 ille
1743 2594 1957 2658 autem,

387 2680 554 2756 cujus
581 2679 838 2738 obtusior
865 2680 939 2738 sit
982 2681 1155 2752 acieS,
1197 2699 1315 2737 non
1356 2680 1588 2738 videre?
1668 2679 1959 2756 Equidem

289 2781 355 2831 25
387 2777 595 2836 efferor
642 2775 833 2832 studio
879 2787 1070 2852 patres
1112 2787 1348 2849 vestrOS,
1397 2795 1539 2851 quos
1582 2777 1738 2835 colui
1780 2786 1839 2834 et
1874 2777 1967 2834 di-

384 2873 520 2944 lexi,
548 2871 816 2929 videndi:
857 2891 1042 2949 neque
1091 2892 1225 2931 vero
1272 2893 1373 2930 eos
1416 2873 1603 2930 solum
1648 2871 1965 2932 convenire

389 2986 550 3040 aveo,
578 2986 720 3043 quos
748 2967 870 3044 ipse
898 2969 1177 3046 cognovi;
1222 2970 1325 3028 sed
1352 2969 1481 3027 illos
1508 2969 1703 3040 etiam,
1734 2969 1809 3026 de
1836 2968 1959 3044 qui-

385 3062 496 3122 bus
547 3063 760 3136 audivi,
812 3073 874 3122 et
924 3063 1063 3140 legi,
1114 3074 1175 3122 et
1226 3065 1351 3140 ipse
1394 3062 1732 3137 conscripsi.
1814 3063 1963 3126 Quo
