2084 3517
238 287 320 346 56
657 294 930 354 LAELIUS,
967 294 1115 342 slvn
1154 294 1240 341 nn
1282 295 1593 342 AmcmA.

332 461 518 502 essem
545 444 680 515 una,
710 453 768 501 et
794 445 966 519 pauci
996 444 1305 504 admodum
1332 444 1659 515 familiares,
1683 442 1744 501 in
1772 461 1909 505 eum

333 559 654 599 sermonem
683 540 845 598 illum
872 541 1153 614 incidere,
1183 542 1280 617 qui
1319 551 1443 599 tum
1482 541 1601 598 sere
1640 541 1909 600 omnibus

333 648 458 696 erat
497 637 558 694 in
597 655 714 694 ore.
808 637 1128 696 Meministi
1168 638 1324 695 enim
1362 637 1639 714 profecto,
1682 637 1904 710 Attice,

334 743 393 791 et
433 752 503 791 eo
543 734 743 810 magis,
774 735 926 809 quod
966 735 1030 792 P.
1064 735 1325 810 Sulpicio
1366 735 1601 794 utebare
1642 733 1904 806 multum,

272 848 306 896 5
337 828 498 908 (cum
528 829 596 902 is,
619 831 884 890 tribunus
909 831 1113 906 plebis,
1145 830 1376 908 capitali
1404 831 1540 888 odio
1570 851 1603 888 a
1627 829 1707 894 Q.
1738 830 1909 888 Pom-

333 926 486 1003 peio,
531 927 629 1003 qui
675 937 797 986 tum
844 938 967 986 erat
1014 927 1237 1000 consul,
1288 927 1609 999 dissideret,
1659 947 1905 1003 quocum

335 1023 806 1100 conjunctissime
854 1034 912 1081 et
967 1025 1355 1082 amantissime
1401 1024 1645 1104 vixerat)
1695 1035 1907 1100 quanta

335 1120 628 1179 hominum
667 1131 818 1177 esset
853 1120 939 1177 vel
986 1121 1305 1193 admiratio,
1335 1120 1423 1178 vel
1464 1120 1712 1196 querela.
1796 1120 1909 1179 Ita-

334 1235 444 1292 que
470 1227 591 1273 tum
621 1216 899 1288 Scaevola,
930 1236 1063 1274 cum
1092 1217 1153 1276 in
1182 1236 1310 1274 eam
1338 1217 1520 1293 ipsam
1551 1216 1907 1276 mentionem

244 1315 306 1364 10
336 1311 652 1384 incidisset,
702 1313 964 1388 exposuit
1017 1314 1185 1371 nobis
1238 1332 1561 1372 sermonem
1614 1313 1779 1370 Laelii
1836 1314 1908 1370 de

338 1408 610 1480 amicitia,
646 1409 902 1466 habitum
947 1410 1017 1467 ab
1060 1410 1159 1466 illo
1200 1429 1417 1482 secum,
1456 1419 1515 1468 et
1550 1428 1703 1468 cum·
1728 1409 1907 1468 altero

335 1524 570 1582 gener0,
609 1505 676 1564 C.
721 1506 965 1578 Fannio,
1004 1505 1087 1565 M.
1127 1507 1266 1578 filio,
1303 1506 1504 1582 paucis
1540 1506 1743 1563 diebus
1778 1516 1909 1582 post

335 1613 576 1659 mortem
605 1603 885 1660 Africani.

413 1697 554 1772 Ejus
592 1697 990 1771 disputationis
1018 1699 1330 1757 sententias
1358 1700 1647 1758 memoriae
1676 1701 1910 1758 manda-

245 1805 306 1853 15
339 1792 424 1863 νίς
466 1811 606 1867 quas
635 1793 746 1849 hoc
773 1793 920 1850 libro
949 1795 1182 1869 exposui
1224 1815 1353 1852 meo
1398 1796 1703 1854 arbitratu:
1746 1797 1907 1873 quasi

337 1888 492 1946 enim
517 1889 668 1965 ipsos
691 1890 888 1947 induxi
908 1889 1228 1965 loquentes,
1251 1909 1324 1949 ne
1345 1893 1588 1969 Inquam
1608 1904 1667 1951 et
1686 1894 1906 1970 Inquit,

335 1986 542 2063 saepius
565 1988 1049 2064 interponeretur;
1098 1999 1283 2064 atque,
1308 2000 1389 2061 ut,
1412 2000 1681 2066 tanquam
1711 2011 1744 2047 a
1770 2011 1910 2066 prae-

336 2085 613 2157 sentibuS,
651 2105 846 2143 coram
889 2086 1087 2143 haberi
1128 2105 1315 2144 sermo
1355 2079 1657 2145 videretur.
1754 2088 1907 2146 Cum

335 2182 491 2238 enim
539 2199 688 2256 saepe
735 2201 963 2238 mecum
1009 2202 1227 2259 ageres,
1265 2193 1329 2239 ut
1364 2183 1436 2240 de
1476 2183 1730 2241 amicitia
1770 2184 1912 2242 scri-

243 2296 307 2346 20
338 2277 531 2333 berem
589 2277 819 2352 aliquid,
876 2277 1054 2354 digna
1106 2279 1247 2335 mihi
1301 2299 1412 2350 res,
1462 2297 1594 2336 cum
1650 2280 1911 2337 omnium

337 2370 687 2446 cognitione,
743 2381 862 2428 tum
917 2373 1113 2429 nostra
1169 2373 1570 2445 familiaritate,
1626 2374 1750 2431 visa
1802 2386 1907 2433 est.

336 2465 536 2540 Itaque
574 2465 686 2522 feci
723 2485 837 2524 non
873 2468 1105 2539 invitus,
1137 2478 1197 2525 ut
1222 2469 1553 2544 prodessem
1582 2470 1774 2526 multis
1807 2482 1911 2530 tuo

337 2571 554 2638 rogatu.
641 2563 778 2634 Sed,
821 2574 884 2620 ut
925 2564 982 2620 in
1027 2571 1064 2596 “
1096 2565 1319 2622 Catone
1360 2563 1638 2640 Majore,'’
1682 2566 1779 2640 qui
1822 2579 1913 2626 est

337 2658 582 2734 scriptus
638 2657 705 2715 ad
761 2668 819 2715 te
873 2658 944 2716 de
997 2669 1313 2730 senectute,
1370 2659 1652 2718 Catonem
1708 2661 1912 2722 induxi

240 2763 306 2812 25
337 2773 530 2812 senem
573 2754 977 2830 disputantem,
1012 2756 1147 2831 quia
1186 2756 1345 2813 nulla
1382 2756 1679 2815 videbatur
1724 2760 1910 2835 aptior

333 2871 597 2926 persona,
621 2871 745 2927 quae
775 2851 846 2908 de
877 2851 975 2909 illa
1004 2863 1169 2910 aetate
1196 2853 1542 2928 loqueretur,
1566 2875 1734 2930 quam
1762 2855 1908 2931 ejrm,

333 2947 431 3020 qui
469 2956 530 3004 et
567 2947 889 3006 diutissime
917 2967 1095 3006 senex
1121 2949 1339 3022 fuisset,
1369 2960 1427 3008 et
1460 2952 1519 3008 in
1558 2951 1682 3028 ipsa
1710 2969 1913 3010 senec·

333 3051 455 3100 tute
474 3061 592 3118 prae
613 3045 838 3103 caeteris
859 3044 1146 3104 floruisset
1158 3066 1173 3118 3
1208 3046 1315 3120 sic,
1333 3065 1466 3106 cum
1486 3047 1913 3123 accepissemus
