2084 3517
427 317 707 377 LAELmS,
744 317 893 366 suu-2
937 319 1024 366 nr:
1066 317 1382 366 ΑΜιοιΤΙΑ.
1728 307 1809 366 93

131 485 250 525 mus
277 483 488 543 capere
513 466 819 544 potuisset,
847 466 898 525 si
926 466 1337 542 Lycomedem,
1360 465 1513 544 apud
1541 483 1713 540 quem

130 575 244 622 erat
289 565 596 636 educatus,
646 563 844 621 multis
887 582 1022 621 cum
1075 564 1347 640 lacrymis
1391 565 1499 624 iter
1544 583 1713 621 suum

127 659 554 738 impedientem,
579 661 778 720 audire
798 660 1091 720 voluisset.
1175 660 1253 718 Et
1274 680 1425 738 saepe
1446 662 1713 720 incidunt

130 777 346 836 magnae
372 777 486 831 res,
518 768 581 816 ut
609 757 1028 817 discedendum
1060 757 1135 816 sit
1178 760 1249 816 ab
1292 759 1525 830 amicis3
1568 778 1712 836 quas

127 856 222 930 qui
262 856 545 932 impedire
587 855 726 928 vult,
769 855 924 931 quod
973 855 1327 913 desiderium
1372 874 1492 914 non
1538 857 1710 915 facile
1740 871 1774 921 5

129 953 284 1026 ferat,
314 953 364 1010 is
393 962 452 1011 et
494 952 752 1010 infirmus
789 964 896 1025 est,
925 952 1233 1028 mollisque
1273 953 1498 1025 naturai,
1528 964 1604 1026 et,
1634 955 1711 1013 ob

128 1067 246 1108 eam
293 1050 480 1126 ipsam
519 1067 774 1121 causam,
821 1049 883 1108 in
933 1049 1191 1108 amicitia
1244 1068 1447 1125 parum
1503 1049 1707 1126 justus.

127 1147 316 1222 Atque
357 1147 419 1204 in
461 1145 620 1206 omni
674 1164 736 1204 re
780 1147 1267 1206 considerandum
1310 1157 1418 1219 est,
1466 1157 1526 1204 et
1572 1147 1709 1223 quid

125 1245 374 1319 postules
404 1244 478 1302 ab
507 1243 719 1315 amico,
739 1253 800 1302 et
827 1244 965 1320 quid
991 1245 1215 1320 patiare
1246 1263 1281 1303 a
1304 1255 1363 1302 te
1392 1244 1704 1322 impetrari.

194 1437 370 1496 XXI.
455 1435 564 1494 Est
589 1436 766 1494 etiam
794 1436 960 1510 quasi
1002 1435 1267 1510 quaedam
1308 1436 1607 1494 calamitas
1647 1437 1708 1495 in
1740 1442 1803 1490 10

125 1534 393 1592 amicitiis
449 1532 809 1590 dimittendis
861 1549 1282 1606 nonnunquam
1346 1532 1708 1591 necessaria:

124 1629 238 1706 jam
273 1629 434 1690 enim
463 1649 498 1688 a
523 1629 872 1705 sapientium
901 1628 1385 1688 familiaritatibus
1420 1630 1491 1687 ad
1518 1629 1712 1708 vulga-

30 1775 32 1778 ,
123 1745 210 1785 res
239 1727 528 1785 amicitias
555 1726 742 1785 oratio
771 1737 969 1786 nostra
995 1726 1299 1786 delabitur.
1382 1725 1710 1804 Erumpunt

117 1843 270 1902 saepe
301 1824 440 1883 vitia
467 1824 807 1896 amicorum,
838 1844 972 1882 cum
1013 1825 1075 1886 in
1116 1825 1275 1901 ipsos
1315 1826 1555 1898 amicos,
1585 1835 1711 1885 tum

119 1919 176 1978 in
218 1921 474 1990 alienos3
517 1939 762 1996 quorum
803 1931 998 1978 tamen
1041 1921 1113 1978 ad
1164 1921 1382 1978 amicos
1426 1922 1711 1979 redundet
1742 1927 1803 1977 15

117 2015 376 2075 infamia.
459 2017 639 2074 Tales
687 2017 862 2093 igitur
892 2016 1163 2074 amicitiae
1198 2025 1334 2074 sunt
1372 2016 1711 2076 remissione

115 2114 258 2173 -usfis
322 2113 606 2185 eluendae,
649 2123 709 2172 et
760 2112 852 2190 (ut
910 2111 1199 2170 Catonem
1245 2112 1441 2171 dicere
1490 2112 1709 2194 audivi)

112 2209 445 2269 dissuendae
485 2209 689 2287 magis,
719 2227 892 2283 quam
933 2207 1364 2268 discindendae:
1407 2208 1522 2268 nisi
1562 2228 1711 2285 quse*

117 2307 252 2364 dam
297 2306 608 2364 admodum
649 2305 1030 2364 intolerabilis
1070 2305 1281 2382 injuria
1319 2308 1612 2381 exarserit,
1648 2319 1711 2368 ut

117 2421 314 2478 neque
359 2412 584 2460 rectum
632 2421 822 2478 neque
872 2402 1179 2460 honestum
1221 2404 1327 2476 sit,
1356 2423 1543 2480 neque
1584 2405 1709 2465 fieri
1739 2417 1805 2467 20

116 2499 324 2576 possit,
353 2509 418 2558 ut
445 2517 564 2557 non
590 2499 786 2558 statim
816 2498 1090 2558 alienatio
1106 2491 1545 2578 ‘disjunctioque
1574 2503 1710 2561 faci-

119 2596 277 2655 enda
303 2597 394 2654 sit.

200 2693 314 2751 Sin
343 2702 534 2751 autem
569 2712 796 2752 morum
842 2703 938 2752 aut
981 2695 1303 2753 studiorum
1332 2702 1709 2752 commutatio

121 2790 388 2865 quaedam
418 2788 511 2867 (ut
541 2791 666 2848 fieri
707 2789 881 2870 solet)
913 2791 1069 2848 facta
1108 2791 1237 2862 erit,
1269 2799 1367 2849 aut
1396 2790 1455 2846 in
1484 2787 1705 2862 reipub-

119 2885 252 2944 lioae
279 2885 538 2960 partibus
561 2885 844 2943 dissensio
873 2885 1265 2942 intercesserit
1296 2884 1523 2961 (loquor
1554 2882 1709 2943 enim
1738 2888 1803 2938 25

128 2982 271 3059 jam,
301 2991 368 3042 ut
407 2983 582 3059 paulo
610 2991 743 3042 ante
784 2981 924 3053 dixi,
953 2999 1074 3038 non
1101 2980 1175 3038 de
1212 2978 1579 3055 sapientium,
1608 2982 1710 3041 sed

117 3080 200 3142 de
243 3080 667 3155 communibus,
717 3077 1042 3157 amicitiis),
1090 3077 1411 3136 cavendum
1458 3077 1587 3151 erit,
1634 3097 1712 3138 no
