2084 3517
470 251 745 313 miuus,
778 253 927 301 sm:
963 254 1054 301 m:
1093 252 1407 301 AmcmA.
1725 240 1808 301 67

134 399 273 459 loco
294 401 649 473 excluditur3
685 423 977 479 nunquam
996 403 1414 481 intempestiva,
1429 420 1719 477 nunquam

136 498 390 555 molesta
408 508 512 556 est.
568 498 772 573 Itaque
793 519 908 557 non
934 502 1097 575 aqua,
1111 520 1228 558 non
1251 500 1372 578 igni
1398 500 1489 577 (ut
1511 498 1718 578 aiunt),

132 594 407 669 pluribus
426 594 574 651 locis
596 595 827 667 utimur,
852 615 1024 671 quam
1047 597 1314 655 amicitia.
1382 595 1594 671 Neque
1614 612 1724 671 ego

135 710 300 748 nunc
332 690 405 749 de
434 691 655 767 vulgari
678 702 774 749 aut
800 693 873 749 de
902 693 1178 749 mediocri
1209 690 1361 769 (quae
1381 703 1576 751 tamen
1599 691 1724 767 ipsa

136 796 197 843 et
230 786 490 844 delectat
526 796 583 843 et
618 788 901 867 prodest),
932 788 1032 845 sed
1073 788 1145 843 de
1179 789 1315 844 ver&
1349 798 1408 845 et
1440 786 1718 864 perfecta,
1747 794 1780 845 5

136 882 367 957 loquor,
399 884 583 957 qualis
610 901 830 955 eorum,
860 885 959 958 qui
985 884 1158 959 pauci
1185 884 1569 957 nominantur,
1595 884 1722 942 fuit.

138 979 303 1037 Nam
331 989 391 1037 et
420 980 703 1039 secundas
732 998 823 1038 res
850 981 1269 1056 splendidiores
1290 981 1429 1038 facit
1451 980 1722 1053 amicitia,

138 1086 199 1134 et
230 1077 520 1149 adversasj
546 1077 800 1154 partiens
828 1077 1395 1153 communicansque,
1423 1076 1682 1135 leviores.

218 1267 361 1326 VII.
446 1268 709 1344 Cumque
728 1270 1001 1345 plurimas
1028 1280 1089 1327 et
1114 1270 1390 1328 maximas
1411 1267 1726 1328 commodi-

138 1374 294 1423 tates
319 1364 574 1423 amicitia
595 1365 910 1437 contineat,
932 1376 1056 1424 tum
1077 1367 1176 1423 illa
1201 1366 1472 1425 nimirum
1491 1372 1724 1442 praestat
1753 1371 1815 1421 10

138 1460 437 1533 omnibus,
472 1462 627 1536 quod
661 1462 811 1520 bonfi
848 1480 949 1537 spe
986 1463 1260 1536 praelucet
1295 1462 1356 1518 in
1390 1470 1721 1538 posterum3

140 1576 259 1615 nec
300 1558 589 1617 debilitari
634 1558 873 1629 animm,
918 1569 1015 1616 aut
1057 1559 1262 1615 cadere
1299 1557 1530 1634 patitur.
1611 1556 1728 1613 Ve-

142 1674 275 1713 rum
304 1655 479 1712 etiam
509 1654 757 1713 amicum
799 1654 897 1729 qui
940 1655 1211 1726 intuetur,
1240 1665 1512 1729 tanquam
1540 1670 1730 1710 exem-

141 1751 270 1827 plar
302 1751 527 1827 aliquod
560 1751 812 1809 intuetur
846 1751 951 1809 sui.
1033 1750 1338 1812 Quocirca
1367 1762 1426 1808 et
1459 1751 1725 1809 absentes

147 1846 375 1918 adsunt,
400 1856 458 1903 et
484 1857 721 1923 egentes
750 1847 1063 1918 abundant,
1087 1857 1146 1903 et
1172 1846 1489 1903 imbecilles
1508 1846 1721 1917 valent,
1756 1849 1818 1901 15

144 1952 205 1999 et
256 1942 439 2019 (quod
494 1943 785 2001 difficilius
838 1943 1000 1999 dictu
1056 1943 1170 2019 est)
1228 1942 1436 1999 mortui
1487 1942 1722 1999 vivunt.

144 2047 344 2095 tantus
372 2056 473 2094 eos
500 2038 705 2109 honos,
736 2038 1031 2109 memoria,
1063 2036 1408 2093 desiderium
1434 2034 1728 2110 prosequi-

145 2144 241 2193 tur
265 2133 612 2191 amicorum:
634 2152 709 2191 ex
728 2151 841 2207 quo
862 2134 1091 2190 illorum
1112 2133 1283 2189 beata
1301 2148 1453 2189 mors
1473 2130 1724 2201 videtum

148 2230 361 2288 horum
388 2230 507 2288 vita
533 2230 855 2288 laudabilia.
935 2228 1120 2290 Quod
1147 2227 1197 2285 si
1225 2226 1504 2284 exemeris
1531 2244 1603 2283 ex
1628 2244 1728 2285 ua-

144 2326 282 2387 turfi.
326 2345 519 2385 rerum
573 2325 984 2383 benevolentias
1039 2324 1510 2400 conjunctionem
1537 2344 1552 2394 3
1613 2342 1726 2383 nec
1754 2328 1818 2379 20

146 2425 359 2481 domus
397 2423 517 2481 ulla
552 2442 664 2479 nec
706 2423 841 2479 urbs
883 2432 1033 2479 stare
1064 2421 1312 2496 poterit:
1353 2438 1428 2479 ne
1458 2420 1579 2498 agri
1605 2421 1730 2497 qui-

146 2521 285 2577 dem
314 2519 505 2577 cultus
528 2519 902 2595 permanebit.
972 2518 1040 2575 Id
1071 2518 1120 2575 si
1147 2518 1338 2574 minus
1359 2517 1724 2595 intelligitur3

146 2626 367 2692 quanta
393 2616 478 2673 vis
506 2614 774 2673 amicitiae
802 2614 1244 2689 concordiaeque
1281 2615 1374 2685 sit,
1403 2632 1476 2671 ex
1511 2614 1728 2669 dissen-

146 2712 413 2771 sionibus
454 2723 624 2787 atque
664 2711 967 2769 discordiis
1005 2711 1227 2787 percipi
1265 2719 1470 2785 potest.
1571 2704 1727 2766 Quoe

148 2808 307 2867 enim
336 2808 541 2865 domus
578 2817 696 2866 tam
734 2797 972 2877 stabilis,
1001 2824 1126 2879 quae
1167 2814 1284 2863 tam
1323 2804 1488 2860 firma
1523 2800 1727 2857 civitas
1752 2811 1820 2863 25

148 2915 259 2977 est,
290 2924 417 2980 quae
453 2894 571 2962 non
608 2902 758 2961 odiis
792 2911 959 2978 atque
986 2899 1240 2958 dissidiis
1267 2898 1522 2956 funditus
1545 2895 1728 2971 possit

150 3001 374 3060 everti?
422 3018 495 3057 ex
540 3016 676 3074 quo,
720 3007 997 3075 quantum
1045 2995 1184 3055 boni
1226 2995 1304 3053 sit
1343 2993 1406 3052 in
1450 2991 1722 3068 amicitis,

150 3096 404 3177 judicari
428 3104 639 3174 potest.
