2084 3517
204 266 283 327 16
522 257 529 266 '
780 280 959 328 cuo
991 280 1224 340 anon,
1263 281 1390 329 εει]

294 426 471 501 canii,
512 446 647 487 cum
684 428 1100 504 rempublicam
1139 426 1384 487 consilio
1421 437 1482 486 et
1521 426 1888 485 auctoritate

295 524 696 596 defendebant,
722 524 867 582 nihil
898 526 1183 601 agebant?

372 619 471 677 Ad
496 621 646 696 App.
676 620 907 679 Claudii
934 631 1295 680 senectutem
1323 620 1636 677 accedebat
1665 619 1870 691 etiam,

294 726 359 773 ut
412 735 603 774 caecus
654 727 837 775 esset:
900 727 959 777 et
1010 728 1204 776 tamen
1259 717 1328 788 is,
1386 736 1520 774 cum
1575 716 1876 773 sententia

230 822 265 873 5
294 812 526 871 senatus
553 813 857 873 inclinaret
884 815 953 873 ad
980 832 1206 890 pacem,
1233 823 1292 871 et
1318 813 1504 871 foedus
1531 812 1872 871 faciendum

296 928 431 967 cum
457 909 697 986 Pyrrhe,
724 929 843 969 non
870 910 1151 969 dubitavit
1177 909 1372 969 dicere
1399 910 1518 982 illa,
1537 928 1662 985 quae
1690 907 1874 967 versi-

296 1008 403 1065 bus
428 1016 766 1083 persecutus
792 1016 879 1064 est
904 1005 1168 1065 Ennius:

416 1165 449 1193 ‘⁴
470 1162 587 1220 Quo
606 1161 745 1210 vobis
767 1166 978 1223 mentes,
998 1166 1148 1209 rectae
1170 1177 1280 1224 quae
1303 1167 1431 1210 stare
1454 1160 1678 1231 solebant
1707 1160 1710 1162 ’

468 1240 717 1303 Antehac,
736 1240 992 1290 dementes
1012 1256 1122 1290 sese
1143 1240 1328 1291 flexere
1355 1241 1480 1305 [via]
1498 1242 1520 1289 ?
1539 1240 1570 1262 '⁹
1773 1236 1778 1241 ⁸

204 1386 265 1436 10
298 1394 618 1461 caeteraque
645 1384 1012 1464 gravissime:
1040 1393 1246 1441 notum
1265 1384 1422 1443 enim
1442 1384 1606 1441 vobis
1627 1402 1868 1441 carmen

296 1491 416 1541 est:
458 1492 516 1541 et
555 1492 747 1541 tamen
788 1482 967 1558 ipsiu·
1007 1482 1188 1558 Appii
1228 1491 1384 1539 extat
1422 1481 1642 1539 oratio:
1693 1490 1868 1555 atque

296 1579 448 1637 hanc
487 1579 585 1637 ille
624 1580 743 1657 egit
782 1588 999 1655 septem
1038 1588 1098 1635 et
1124 1579 1326 1637 decem
1356 1596 1538 1636 annos
1571 1585 1702 1653 post
1729 1577 1868 1635 alte-

296 1692 423 1730 rum
477 1674 859 1746 consulatum,
914 1692 1049 1731 cum
1103 1673 1253 1731 inter
1317 1674 1464 1731 duos
1529 1672 1867 1731 consulatus
1929 1680 1941 1687 '

300 1768 434 1825 anni
461 1769 663 1826 decem
704 1767 1169 1840 interfluxissent,
1199 1788 1518 1844 censorque
1560 1778 1691 1827 ante
1727 1786 1868 1827 con-

205 1868 267 1919 15
298 1864 543 1922 sulatum
571 1864 921 1941 superiorem
950 1865 1166 1923 fuisset.
1249 1865 1341 1923 Ex
1361 1885 1476 1941 quo
1503 1864 1864 1942 intelligitur,
1933 1890 1936 1892 *

298 1960 503 2037 Pyrrhi
531 1960 683 2018 bello
710 1961 987 2039 grandem
1025 1980 1166 2021 sane
1207 1961 1417 2021 fuisse:
1459 1971 1518 2019 et
1557 1971 1750 2020 tamen
1777 1960 1866 2021 sio

300 2075 337 2115 a
356 2058 615 2135 patribus
656 2058 999 2134 accepimus.

376 2154 541 2212 Nihil
570 2156 742 2231 igitur
774 2156 1034 2226 afferunt,
1063 2154 1163 2229 qui
1191 2154 1252 2211 in
1279 2174 1342 2212 re
1369 2154 1624 2231 gerenda
1650 2153 1864 2211 versari

300 2260 651 2307 senectutem
690 2260 936 2327 negant:
980 2250 1308 2324 similesque
1347 2261 1480 2308 sunt
1507 2251 1599 2322 iis,
1628 2250 1726 2326 qui
1763 2270 1867 2328 gu-

206 2344 269 2395 20
300 2345 659 2402 bernatorem
688 2345 747 2401 in
775 2346 1099 2423 navigando
1129 2364 1297 2421 agere
1323 2346 1468 2403 nihil
1489 2347 1707 2418 dicant,
1731 2366 1864 2405 cum

302 2440 399 2499 alii
442 2437 622 2497 malos
664 2440 963 2511 scandant,
1008 2441 1106 2500 alii
1145 2459 1246 2516 per
1287 2440 1442 2499 foros
1484 2452 1736 2514 cursent,
1767 2442 1866 2501 alii

300 2536 581 2595 sentinam
609 2536 944 2593 exhauriant
961 2556 975 2605 ;
1018 2536 1116 2593 ille
1146 2545 1354 2608 autem,
1384 2537 1608 2594 clavum
1639 2546 1864 2611 tenens,

300 2634 496 2693 sedeat
548 2634 609 2691 in
660 2633 837 2709 puppi
877 2632 1120 2709 quietus.
1201 2631 1261 2689 N
1265 2652 1342 2689 on
1384 2632 1560 2691 faciat
1599 2652 1690 2705 ea,
1738 2653 1866 2709 quae

310 2730 580 2806 juvenes:
626 2739 681 2787 at
707 2748 843 2787 vero
869 2728 1049 2786 multo
1089 2729 1305 2805 majora
1343 2739 1402 2787 et
1441 2728 1681 2788 meliora
1706 2730 1862 2789 facit.

206 2832 269 2883 23
300 2824 439 2885 Non
466 2827 701 2899 viribus,
727 2835 823 2883 aut
849 2825 1270 2898 velocitatibus,
1301 2836 1399 2884 aut
1419 2825 1714 2885 celeritate
1741 2844 1865 2883 cor-

298 2940 522 2998 porum,
564 2942 655 2981 res
696 2942 917 2999 magnae
958 2931 1254 2999 geruntur,
1295 2924 1396 2979 sed
1437 2923 1701 2995 consilio,
1732 2940 1864 2979 auc-

301 3016 551 3092 toritate,
578 3019 896 3091 sententia3
926 3018 1135 3092 quibus
1158 3037 1278 3077 non
1305 3019 1478 3078 modo
1503 3037 1622 3077 non
1648 3016 1862 3091 orbari,
