2084 3517
252 262 337 323 24
836 274 1015 323 cam
1052 273 1286 333 mon,
1311 273 1441 321 ssu

426 422 549 481 Sed
586 422 763 481 redeo
804 421 877 480 ad
914 441 1029 480 me.
1121 422 1414 484 Quartum
1455 438 1667 478 annum
1709 436 1822 497 ago
1861 428 1932 476 et

344 519 801 596 oetogesimum:
840 520 1108 594 equidem
1136 537 1306 595 posse
1331 518 1538 575 vellem
1564 517 1718 573 idem
1747 515 1930 593 glori-

350 616 453 688 ari,
496 616 651 691 quod
686 615 910 691 Cyrus:
976 616 1082 673 sed
1121 626 1313 672 tamen
1353 614 1468 671 hoe
1505 632 1658 688 queo
1679 612 1924 684 -dieere,

347 730 465 768 non
495 730 589 769 me
616 712 845 786 quidem
874 712 945 771 iis
972 730 1100 769 esse
1125 711 1360 781 viribus,
1391 710 1599 784 quibus
1627 719 1726 766 aut
1749 708 1928 767 miles

283 825 319 873 5
346 808 500 865 bello
526 807 771 879 Punico,
802 817 899 865 aut
922 816 1166 883 quaestor
1205 806 1410 863 eodem
1451 805 1623 876 bello,
1653 814 1752 863 aut
1778 824 1926 863 eon-

346 904 433 963 sul
474 904 534 961 in
590 899 874 980 Hispania
914 904 1140 974 fuerim,
1181 912 1280 960 aut
1332 900 1712 977 quadriennio
1761 911 1919 976 post,

346 1018 501 1073 eum,
542 1002 809 1059 tribunus
846 1000 1130 1070 militaris,
1171 998 1496 1075 depugnavi
1537 997 1690 1073 apud
1729 996 1924 1054 Ther-

344 1098 623 1173 mopylas,
645 1096 929 1155 M’Aeilio
944 1096 1264 1153 Glabrione
1291 1095 1564 1152 consule:
1593 1094 1695 1150 sed
1721 1103 1922 1151 tamen

350 1191 441 1269 (ut
487 1211 589 1251 vos
633 1193 865 1271 videtis)
918 1211 1039 1250 non
1091 1192 1264 1267 plane
1315 1210 1410 1247 me
1461 1190 1754 1248 enervavit
1805 1209 1924 1248 nee

256 1302 319 1353 10
348 1288 542 1347 afflixit
570 1299 871 1347 senectus:
914 1307 1033 1347 non
1063 1289 1224 1347 curia
1249 1287 1398 1345 vires
1425 1306 1582 1343 meas
1609 1286 1922 1357 desiderat,

346 1404 465 1443 non
506 1384 743 1458 Rostra,
784 1404 904 1443 non
946 1385 1138 1456 amici,
1180 1402 1296 1441 non
1339 1384 1600 1454 clientes,
1629 1402 1747 1439 non
1789 1383 1926 1439 hos-

342 1482 526 1558 pites:
568 1501 681 1539 nee
708 1483 860 1541 enim
892 1501 1143 1557 unquam
1183 1501 1309 1539 sum
1339 1498 1602 1537 assensus
1627 1480 1806 1536 veteri
1837 1479 1921 1538 illi

347 1579 689 1653 laudatoque
728 1578 1051 1654 proverbiO,
1082 1578 1235 1652 quod
1275 1587 1490 1647 monet,
1534 1587 1754 1633 mature
1793 1576 1921 1633 fieri

348 1691 565 1745 senem,
608 1674 656 1730 si
698 1674 796 1730 diu
837 1674 979 1730 velis
1016 1692 1146 1729 esse
1185 1691 1376 1730 senex.
1477 1672 1608 1749 Ego
1649 1690 1785 1728 vero
1826 1691 1924 1729 me

256 1781 318 1831 15
348 1769 539 1827 minus
566 1769 665 1827 diu
692 1787 887 1826 senem
930 1788 1058 1825 esse
1085 1768 1334 1839 mallem,
1363 1787 1536 1843 quam
1563 1787 1690 1825 esse
1718 1786 1924 1825 senem

352 1874 502 1936 ante,
533 1884 703 1939 quam
744 1882 945 1922 essem.
1027 1864 1231 1939 Itaque
1271 1882 1448 1923 nemo,
1485 1864 1673 1921 adhue
1715 1882 1926 1922 eonve-

349 1961 474 2018 nire
502 1980 595 2019 me
622 1960 821 2033 voluit,
852 1961 949 2018 cui
976 1960 1183 2017 fuerim
1209 1974 1542 2037 occupatus

428 2059 511 2115 At
537 2058 729 2115 minus
756 2058 942 2114 habeo
969 2057 1195 2128 virium,
1219 2076 1390 2132 quam
1411 2056 1659 2115 vestrfim
1687 2056 1922 2113 utervis,

349 2154 446 2213 Ne
472 2173 575 2212 vos
602 2154 832 2228 quidem
862 2153 936 2211 T.
966 2153 1161 2211 Pontii
1189 2153 1546 2211 centurionis
1573 2153 1723 2211 vires
1751 2152 1928 2210 habe-

256 2250 320 2298 20
350 2250 457 2309 tis:
486 2269 625 2308 num
655 2250 875 2307 ideireo
898 2260 984 2307 est
1006 2250 1101 2307 ille
1121 2250 1514 2325 praestantior?
1594 2248 1926 2307 Moderatio

348 2346 524 2403 modo
566 2346 768 2403 virium
812 2346 978 2417 adsit,
1020 2356 1079 2402 et
1119 2355 1360 2417 tantum,
1399 2355 1674 2419 quantum
1711 2355 1924 2420 potest,

352 2440 594 2516 quisque
632 2441 882 2499 nitatur:
952 2460 1041 2499 nae
1081 2441 1180 2499 ille
1219 2460 1338 2497 non
1383 2459 1595 2518 magno
1636 2441 1928 2500 desiderio

354 2536 639 2595 tenebitur
667 2536 889 2595 virium.
970 2536 1255 2613 Olympiae
1293 2556 1394 2613 per
1423 2537 1668 2594 stadium
1707 2536 1928 2615 ingres-

354 2652 453 2691 sus
492 2650 617 2689 esse
659 2630 805 2691 Milo
846 2632 1078 2705 dicitur,
1121 2652 1254 2691 eum
1307 2632 1561 2690 humeris
1615 2633 1927 2693 sustineret

260 2738 325 2788 25
356 2730 563 2787 bovem
602 2730 806 2789 vivum.
914 2729 1122 2787 Utrum
1169 2729 1342 2807 igitur
1382 2729 1486 2786 has
1513 2731 1807 2805 eorporis»,
1851 2750 1924 2789 an

298 2878 305 2897 ,
356 2825 695 2903 Pythagoroe
724 2825 828 2883 tibi
869 2826 1035 2883 malis
1063 2826 1212 2883 vires
1239 2825 1460 2903 ingenii
1502 2826 1666 2884 dari?
1747 2824 1927 2884 Deni-

358 2939 470 2995 que
512 2922 622 2979 isto
662 2923 815 2981 bono
856 2932 1037 2993 utare,
1081 2922 1218 2979 dum
1261 2921 1437 2991 adsit3
1482 2940 1614 2979 eum
1657 2921 1822 2993 absit,
1851 2942 1926 2980 ne

358 3017 647 3091 requiras3
690 3018 801 3078 nisi
829 3018 977 3077 forte
1020 3018 1416 3078 adolescentes
1440 3018 1764 3096 pueritiam,
1791 3036 1928 3094 pau-
