2084 3517
471 243 746 304 LAELIUS,
787 245 934 292 srvs
975 245 1063 292 DE
1108 245 1421 292 Amicum.
1712 234 1827 297 103

155 390 482 464 perniciosa
521 390 615 463 sit,
645 410 859 449 nocere
900 402 1093 450 tamen
1124 391 1341 450 nemini
1383 401 1591 468 potest,
1620 391 1737 451 nisi

155 486 203 543 ei
229 487 330 562 qui
359 505 490 562 eam
533 488 758 563 recipit,
791 497 958 562 atque
999 489 1070 546 ea
1106 489 1440 546 delectatur.
1524 487 1617 544 Ita
1646 487 1741 560 fit,

154 593 210 640 ut
246 583 296 640 is
341 585 794 642 assentatoribus
838 583 1149 660 patefaciat
1196 604 1359 642 aures
1402 605 1533 642 suas
1580 604 1735 642 max-

152 679 280 752 ime,
311 679 415 754 qui
465 680 586 755 ipse
634 680 746 737 sibi
785 691 1123 752 assentetur,
1152 690 1211 738 et
1246 701 1307 738 se
1335 683 1581 740 maxime
1610 683 1733 758 ipse

149 777 420 834 delectet.
1468 843 1475 846 ,
1759 782 1793 832 5

223 873 490 930 Omnino
519 883 605 930 est
629 893 824 932 amans
853 874 941 932 sui
970 875 1182 932 virtus:
1225 874 1441 950 optime
1474 876 1627 934 enirn
1668 893 1733 934 se

149 969 270 1045 ipsa
295 969 492 1039 novit3
535 990 818 1046 quamque
843 971 1103 1028 amabilis
1132 971 1223 1042 sit,
1256 971 1540 1048 intelligit.
1602 971 1733 1048 Ego

148 1076 341 1123 autem
369 1084 490 1122 non
519 1059 591 1122 de
620 1067 828 1124 virtute
849 1085 1006 1124 nuno
1035 1068 1255 1142 loquor,
1278 1067 1379 1124 sed
1408 1066 1479 1126 de
1509 1067 1733 1125 virtutis

144 1161 454 1236 opinione:
499 1163 705 1219 virtute
746 1163 898 1220 enim
943 1164 1067 1238 ipsa
1095 1184 1213 1221 non
1242 1176 1359 1221 tam
1400 1164 1565 1222 multi
1591 1183 1733 1240 prae-

144 1257 250 1315 diti
315 1277 464 1329 esse,
516 1278 682 1333 quam
747 1258 944 1332 videri,
993 1262 1205 1318 volunt.
1304 1261 1429 1318 Hos
1483 1261 1733 1318 delectat
1761 1263 1822 1312 1⁰

147 1354 494 1411 assentatio:
564 1354 653 1411 his
720 1355 890 1411 fictus
947 1354 1016 1411 ad
1074 1357 1323 1430 ipsorum
1380 1357 1732 1412 voluntatem

141 1470 335 1508 sermo
387 1471 522 1508 cum
571 1451 892 1521 adhibetur,
943 1453 1262 1510 orationem
1318 1452 1471 1508 illam
1527 1469 1733 1516 vanam

142 1548 539 1608 testimonium
567 1566 694 1604 esse
721 1547 955 1604 laudum
983 1567 1215 1608 suarum
1242 1557 1463 1623 putant.
1548 1546 1733 1604 Nulla

143 1654 232 1701 est
261 1626 440 1720 igitur
469 1644 596 1700 haec
641 1644 913 1716 amicitia,
947 1663 1080 1700 cum
1122 1644 1261 1702 alter
1303 1664 1499 1702 verum
1532 1643 1731 1702 audire

143 1760 264 1798 non
293 1741 434 1812 vult,
468 1741 606 1799 alter
637 1741 708 1797 ad
736 1742 1127 1800 mentiendum
1152 1753 1385 1818 paratus
1413 1753 1513 1800 est.
1596 1742 1655 1802 N
1658 1761 1734 1802 ee
1758 1747 1819 1796 15

143 1837 530 1912 parasitorum
570 1838 630 1896 in
673 1839 972 1898 comoediis
1003 1840 1311 1898 assentatio
1338 1840 1507 1896 nobis
1536 1840 1727 1898 faceta

144 1934 456 2006 videretur,
485 1934 596 1991 nisi
623 1945 818 1993 essent
837 1934 1057 1992 Milites
1084 1935 1357 1991 Gloriosi.

337 2083 370 2110 “
397 2079 612 2144 Magnas
633 2096 753 2129 vero
776 2094 922 2143 agere
945 2080 1131 2142 gratias
1152 2079 1311 2128 Thats
1332 2079 1455 2126 mihi
1475 2079 1538 2127 ?’'

146 2215 304 2272 Satis
333 2225 456 2271 erat
482 2215 850 2291 respondere,
895 2213 1286 2290 “Magnas:”
1332 2219 1369 2246 “
1390 2212 1722 2290 Ingentes,'’

147 2311 350 2386 inquit.
456 2312 695 2388 Semper
740 2321 911 2388 auget
955 2321 1272 2368 assentator
1318 2311 1398 2383 id,
1448 2312 1600 2387 quod
1656 2312 1723 2386 is,
1752 2324 1815 2374 20

148 2408 314 2484 cujus
345 2407 418 2464 ad
459 2408 809 2466 voluntatem
852 2407 1085 2478 dicitur,
1120 2408 1239 2465 vult
1279 2427 1405 2466 esse
1434 2429 1723 2486 magnum.

144 2504 568 2575 Quamobrem,
613 2504 870 2578 quamvis
913 2503 1125 2562 blanda
1167 2505 1277 2563 ista
1318 2507 1537 2563 vanitas
1570 2505 1726 2580 apud

145 2621 248 2660 eos
291 2601 496 2673 valeat,
538 2601 637 2676 qui
679 2600 786 2676 ipsi
827 2601 985 2658 illam
1039 2603 1310 2660 allectant
1350 2613 1407 2660 et
1448 2601 1725 2672 invitant3

147 2708 342 2756 tamen
389 2697 564 2754 etiam
603 2696 894 2773 graviores
947 2699 1479 2772 constantioresque
1534 2695 1727 2752 admo·-

147 2795 326 2852 nendi
381 2803 534 2866 sunt,
582 2803 645 2851 ut
708 2794 961 2852 animum
1017 2794 1331 2866 advertant,
1386 2811 1459 2850 ne
1514 2791 1725 2852 callida
1750 2795 1813 2845 25

151 2891 538 2950 assentatione
565 2889 884 2966 capiantur.
969 2891 1189 2966 Aperte
1219 2889 1375 2948 enim
1396 2888 1723 2948 adulantem

150 3007 324 3051 nemo
351 3006 471 3050 non
516 2987 690 3061 videt,
716 2985 830 3049 nisi
874 2986 978 3064 qui
1021 2985 1329 3052 admodum
1368 2995 1459 3054 est
1498 3004 1735 3054 excors..
