2084 3517
278 266 361 327 26
530 294 545 310 ·
857 276 1035 324 cxro
1067 274 1298 335 mma,
1329 273 1456 323 sau

374 426 597 502 vitium,
638 428 739 487 sed
780 446 1090 487 commune
1129 426 1487 485 valetudinis.
1591 422 1794 487 Quam
1835 424 1946 483 suit

314 579 321 586 .
372 524 695 584 imbecillus
722 525 787 584 P.
816 525 1082 583 Africani
1121 525 1291 596 filius,
1322 524 1370 581 is
1397 523 1496 598 qui
1520 532 1579 579 te
1619 522 1941 597 adoptavit!

370 640 545 696 quam
584 622 765 693 tenui,
810 631 907 679 aut
944 621 1107 677 nulla
1143 621 1338 697 potius
1377 618 1735 676 valetudine!
1787 618 1943 692 quod

371 717 435 773 ni
462 716 542 774 ita
567 716 784 789 fuisset,
816 717 1058 775 alterum
1097 716 1194 773 ille
1233 715 1542 771 exstitisset
1579 713 1778 771 lumen
1805 713 1944 770 civi·

310 808 343 857 5
372 813 539 871 tatis:
602 813 675 871 ad
712 824 1011 889 paternam
1047 812 1204 870 enim
1243 810 1700 887 magnitudinem
1743 810 1940 883 animi,

372 909 639 967 doctrina
663 910 892 967 uberior
916 916 1256 967 accesserat.
1335 907 1502 969 Quid
1527 906 1738 963 mirum
1766 906 1942 983 igitur

372 1003 433 1063 in
461 1006 713 1078 senibus,
744 1006 793 1064 si
833 1005 1044 1063 infirmi
1085 1014 1218 1063 sunt
1247 1003 1574 1078 aliquandO,
1601 1022 1738 1061 cum
1777 1023 1852 1059 ne
1881 1004 1942 1060 id

371 1102 605 1176 quidem
646 1101 1041 1159 adolescentes
1083 1102 1336 1177 effugere
1375 1100 1640 1176 possint?
1739 1100 1942 1157 Resis-

368 1198 626 1269 tendum,
668 1196 813 1254 Laeli
850 1207 911 1255 et
952 1197 1173 1274 Scipio,
1216 1196 1500 1254 senectuti
1541 1206 1628 1253 est
1643 1216 1658 1267 ;
1701 1196 1940 1272 ejusque

278 1299 340 1348 10
370 1293 507 1351 vitia
558 1294 861 1371 diligentia
926 1293 1355 1369 compensanda
1415 1303 1563 1351 sunt.
1671 1293 1943 1369 Pugnan·

368 1391 527 1462 dum,
581 1401 871 1467 tamquam
910 1401 1115 1449 contra
1151 1391 1431 1463 morbum,
1473 1390 1560 1447 sic
1613 1400 1816 1448 contra
1853 1410 1942 1447 se-

368 1498 679 1546 nectutem.
1498 1472 1504 1479 ”

446 1584 735 1642 Habenda
760 1584 909 1642 ratio
938 1585 1314 1651 valetudinis:
1357 1584 1633 1641 utendum
1661 1584 1940 1641 exercita-

366 1680 619 1738 tionibus
657 1681 931 1738 modicis:
974 1690 1198 1737 tantum
1237 1681 1354 1738 cibi
1393 1690 1452 1739 et
1489 1680 1739 1755 potionis
1781 1681 1939 1738 adhi-

276 1790 338 1838 15
370 1776 643 1847 bendum,
684 1786 749 1833 ut
787 1776 1119 1833 reficiantur
1159 1776 1328 1847 vireS,
1369 1796 1486 1835 non
1525 1777 1932 1853 opprimantur.

368 1862 501 1931 Nec
542 1891 675 1929 vero
716 1872 945 1947 corpori
999 1872 1106 1930 soli
1161 1873 1614 1930 subveniendum
1669 1884 1775 1945 est,
1832 1875 1936 1931 sed

366 1969 548 2027 menti
589 1978 756 2045 atque
786 1969 977 2027 animo
1018 1968 1198 2027 multo
1227 1970 1442 2045 magis:
1485 1988 1616 2027 nam
1647 1970 1772 2027 haec
1799 1988 1938 2045 quo-

366 2084 497 2141 que,
538 2066 651 2123 nisi
690 2076 977 2141 tamquam
1030 2066 1236 2123 lumini
1287 2066 1474 2123 oleum
1529 2066 1788 2138 instilles,
1841 2086 1938 2123 ex-

366 2161 734 2237 stinguuntur
775 2172 1090 2219 senectute.
1173 2162 1251 2219 Et
1291 2180 1528 2238 corpora
1567 2162 1797 2236 quidem
1838 2163 1938 2220 de-

270 2259 335 2308 20
367 2255 699 2333 fatigatione
738 2267 796 2313 et
822 2258 1234 2317 exercitatione
1275 2257 1711 2335 ingravescunt;
1757 2259 1936 2317 animi

368 2362 557 2409 autem
598 2353 967 2411 exercitando
1006 2354 1298 2412 levantur:
1339 2373 1493 2425 nam,
1523 2374 1664 2430 quos
1703 2356 1780 2412 ait
1809 2356 1938 2414 Cae-

365 2447 533 2504 cilius
590 2454 627 2480 “
646 2448 901 2506 comicos
954 2448 1158 2507 stultos
1211 2452 1434 2521 senes,’'
1486 2452 1592 2507 ho's
1643 2451 1936 2527 significat

364 2543 650 2615 credulos,
693 2543 1015 2616 obliviosos,
1057 2545 1394 2615 dissolutos3
1455 2565 1580 2621 quae
1621 2546 1759 2603 vitia
1798 2559 1934 2625 sunt

362 2658 481 2697 non
534 2641 867 2713 senectutiS,
910 2641 1011 2699 sed
1067 2641 1286 2713 inertis,
1349 2642 1586 2719 ignavae,
1643 2644 1934 2702 somnicu-

270 2747 333 2796 25
364 2737 497 2795 losae
524 2737 853 2795 senectutis.
934 2738 1015 2797 Ut
1053 2739 1388 2814 petulantia,
1417 2748 1480 2797 ut
1517 2739 1716 2813 libido,
1747 2741 1930 2817 magis

365 2842 451 2889 est
506 2834 974 2908 adolescentium,
1030 2854 1202 2911 quam
1255 2854 1490 2907 senum3
1559 2856 1670 2895 nec
1735 2846 1928 2893 tamen

362 2931 617 2990 omnium
660 2932 1133 3005 adolescentium,
1161 2933 1264 2993 sed
1304 2952 1420 2993 non
1459 2934 1798 3011 proborum3
1841 2933 1930 2991 sic
