2084 3517
661 183 678 216 ἱ

689 306 778 354 ns
813 307 1221 356 sumerum.
1475 267 1477 270 ,
1713 297 1797 359 49

113 453 406 514 nectutis:
449 455 606 531 quod
633 473 772 514 cum
811 458 1020 531 evenit,
1050 459 1287 518 satietas
1312 458 1445 518 vitm
1472 467 1699 535 tempus

114 563 410 612 maturum
435 553 640 610 mortis
669 553 848 612 affert.

189 745 372 805 XXI.
454 745 745 822 Equidem
797 765 919 806 non
973 747 1164 820 video,
1221 767 1345 821 cur,
1394 749 1533 826 quid
1575 749 1699 826 ipse

117 842 372 902 sentiam
423 843 496 902 de
551 853 758 916 morte,
802 863 922 902 non
972 845 1217 903 audeam
1262 846 1423 903 vobis
1468 846 1663 904 dicere
1680 865 1707 918 ;-

116 940 274 1015 quod
303 957 380 996 eo
405 939 614 998 melius
655 940 799 998 mihi
829 960 1071 1000 cernere
1109 942 1325 1013 videor,
1354 960 1471 1016 quo
1514 943 1587 1000 ab
1628 943 1699 1000 ea
1726 944 1762 994 5

114 1037 356 1112 propius
405 1038 622 1096 absum.
705 1037 836 1115 Ego
879 1049 1102 1098 vestros
1124 1049 1336 1116 patres,
1382 1039 1446 1097 P.
1477 1039 1699 1114 Scipio,

116 1144 315 1209 tuque,
358 1134 428 1193 C.
458 1134 622 1206 Laeli,
649 1135 806 1192 viros
845 1136 1219 1208 clarissimae,
1248 1137 1508 1213 mihique
1559 1135 1699 1193 ami·

119 1231 410 1304 eissimm,
439 1231 630 1290 vivere
659 1232 926 1304 arbitror,
957 1244 1015 1290 et
1056 1252 1184 1291 eam
1227 1234 1461 1310 quidem
1500 1233 1705 1311 vitam,

85 1401 98 1414 t
117 1348 242 1404 quae
285 1339 376 1386 est
417 1328 544 1386 sola
581 1330 700 1386 vita
733 1331 1103 1388 nominanda.
1184 1331 1243 1388 N
1251 1351 1361 1402 am,
1416 1331 1555 1388 dum
1608 1349 1679 1388 su

117 1445 246 1484 mus
273 1426 338 1484 in
367 1426 460 1484 his
487 1425 700 1484 inclusi
741 1427 1123 1502 compagibus
1150 1427 1431 1501 corporis,
1460 1443 1699 1482 munere
1732 1425 1793 1473 10

117 1525 370 1598 quodam
396 1523 792 1594 necessitatis,·
812 1532 870 1580 et
899 1523 1059 1599 gravi
1088 1521 1697 1597 opereperfungimur.

119 1620 224 1678 Est
249 1621 410 1678 enim
439 1620 666 1678 animus
693 1619 944 1678 coelestis
971 1638 1045 1676 ex
1088 1619 1365 1677 altissimo
1394 1617 1698 1676 domicilio

118 1718 446 1795 depressae,
489 1727 548 1775 et
589 1717 759 1793 quasi
799 1716 1099 1776 demersus
1139 1717 1200 1774 in
1240 1727 1474 1788 terram,
1504 1716 1699 1774 locum

119 1815 327 1873 divinae
371 1824 612 1886 naturae,
654 1815 1093 1890 aeternitatique,
1132 1814 1503 1872 contrarium.
1580 1813 1699 1870 Sed

119 1913 316 1983 crede,
345 1911 508 1969 Deos
535 1911 888 1970 immortales
915 1911 1192 1986 sparsisse
1222 1911 1449 1967 animos
1476 1909 1537 1965 in
1576 1927 1702 1966 cor·
1729 1925 1792 1973 15

117 2028 260 2086 pora
305 2009 580 2080 humana,
622 2018 686 2066 ut
729 2017 940 2079 essent,
989 2007 1091 2082 qui
1144 2016 1327 2064 terras
1380 2015 1699 2076 tuerentur,

118 2107 352 2180 quique,
384 2104 706 2162 coelestium
747 2103 1012 2160 ordinem
1054 2101 1535 2175 contemplantes,
1578 2099 1703 2156 imi-

118 2211 378 2260 tarentur
407 2220 539 2258 eum
568 2201 700 2259 vitae
727 2199 902 2258 modo
933 2209 1105 2274 atque
1132 2195 1482 2254 constantia.
1567 2195 1702 2254 Nec

118 2317 212 2356 me
239 2299 428 2356 solum
455 2297 604 2354 ratio
633 2315 701 2354 ac
731 2295 1042 2371 disputatio
1072 2292 1317 2369 impulit,
1348 2303 1412 2351 ut
1452 2292 1535 2350 ita
1580 2312 1703 2352 cre-

119 2395 338 2466 derem,
381 2395 484 2452 sed
526 2393 800 2451 nobilitas
839 2393 1015 2450 etiam
1057 2409 1411 2450 summorum
1450 2391 1703 2468 philoso-
1730 2393 1793 2444 2⁰

119 2492 386 2568 phorum,
415 2501 476 2548 et
505 2490 834 2549 auctoritas.

197 2587 532 2646 Audiebam
575 2586 984 2662 Pythagoram,
1033 2585 1566 2662 Pythagoreosque,
1614 2583 1704 2638 in-

121 2685 282 2742 colas
307 2703 473 2761 paene
499 2694 749 2755 nostros,
781 2683 878 2758 qui
905 2692 1101 2740 essent
1143 2680 1337 2739 Italici
1374 2675 1705 2756 philosophi

120 2781 415 2856 quondam
443 2780 744 2851 nominati,
772 2798 1070 2854 nunquam
1113 2777 1431 2847 dubitasse,
1461 2773 1601 2848 quin
1632 2790 1705 2830 ex

121 2877 392 2938 universa
419 2887 612 2934 mente
641 2876 839 2934 divina
881 2875 1169 2934 delibatos
1196 2875 1419 2931 animos
1468 2869 1797 2928 habere-25

121 2994 266 3034 mus,
377 2973 937 3033 Demonstrabantur
1003 2971 1149 3028 mihi
1212 2978 1509 3045 praeterea,
1576 2985 1704 3042 qum

121 3073 398 3132 Socrates
425 3089 696 3147 supremo
722 3069 852 3127 vitae
881 3068 1080 3126 diede
1126 3061 1557 3123 immortalitate
1586 3057 1706 3121 ani-

518 3168 558 3224 5
