2084 3517
449 303 727 366 LAELmS,
771 307 919 354 srva
964 307 1053 354 nn
1082 305 1401 354 amoma.
1732 285 1812 345 95

119 455 500 532 potissimum
527 457 798 535 diligunt,
827 477 901 515 ex
927 459 1134 533 quibus
1168 466 1402 535 sperant
1443 473 1507 514 se
1546 453 1723 512 maxi-
1760 435 1773 458 ’

120 573 292 612 mum
343 554 596 612 fluctum
640 572 769 612 esse
812 565 1100 631 capturos.
1198 555 1289 613 Ita
1328 551 1734 632 pulcherrima*

119 650 232 708 illa
261 661 320 708 et
347 652 598 710 maxime
629 652 880 710 naturali
908 661 1111 709 carent
1140 653 1413 725 amicitia,
1440 671 1543 729 per
1572 669 1635 710 se
1664 658 1723 708 et

117 759 363 825 propter
391 768 456 806 se
477 750 834 824 expetenda:
877 741 990 808 nec
1019 749 1129 825 ipsi
1158 749 1269 806 sibi
1285 750 1547 826 exemplo
1564 757 1719 821 sunt,

119 844 257 902 haeo
284 846 372 903 vis
401 846 674 904 amicitiae
700 847 886 922 qualis
905 856 966 904 et
993 856 1211 923 quanta
1238 846 1327 904 sit.
1410 846 1543 923 Ipse
1563 846 1719 906 enim
1748 851 1781 902 5

120 960 191 998 se
218 942 464 1018 quisque
492 944 700 1021 diligit,
729 963 848 1003 non
891 955 954 1003 ut
996 945 1245 1020 aliquam
1276 962 1311 1000 a
1336 962 1398 1000 se
1427 944 1549 1020 ipse
1576 963 1722 1002 mer-

122 1039 334 1097 cedem
361 1041 558 1118 exigat
592 1041 852 1099 caritatis
891 1060 1031 1114 suffe,
1063 1041 1165 1099 sed
1195 1041 1347 1117 quod
1375 1059 1478 1116 per
1518 1059 1582 1098 se
1610 1041 1722 1098 sibi

119 1137 382 1214 quisque·
400 1155 570 1195 carus
597 1147 722 1196 est:
765 1139 920 1214 quod
959 1139 1075 1197 nisi
1116 1139 1271 1198 idem
1314 1138 1374 1196 in
1405 1137 1719 1196 amicitiam

121 1234 524 1306 transferatur,
555 1254 722 1293 verus
767 1237 988 1295 amicus
1029 1255 1325 1312 nunquam
1369 1236 1685 1312 reperietur
1704 1254 1717 1268 ·

121 1341 208 1388 est
235 1331 397 1389 enim
427 1332 476 1389 is
504 1333 738 1407 quidem
765 1344 1036 1409 tanquam
1068 1334 1208 1391 alter
1238 1334 1409 1391 idem.
1750 1340 1813 1390 10

195 1428 388 1490 Quod
415 1429 464 1485 si
487 1429 602 1487 hoo
627 1440 860 1506 apparet
883 1430 940 1486 in
963 1430 1187 1499 bestiiS,
1210 1429 1563 1500 volueribuS‚
1582 1448 1724 1486 nan-

120 1525 300 1597 tibus,
333 1527 674 1602 agrestibuS,
705 1526 1020 1597 cicuribus),
1064 1524 1217 1596 ferie,
1259 1525 1505 1599 primum
1551 1534 1614 1581 ut
1660 1543 1723 1581 se

123 1621 263 1698 ipsae
287 1623 536 1700 diligant
559 1622 647 1699 (id
671 1622 828 1680 enim
847 1623 1063 1699 pariter
1084 1642 1216 1680 oum
1237 1622 1397 1680 omni
1428 1622 1723 1680 animante

122 1719 438 1798 nascitur),
468 1720 700 1792 deinde,
727 1729 790 1777 ut
815 1721 1111 1796 requirant
1141 1731 1309 1796 atque
1334 1728 1623 1796 appetant,
1650 1718 1721 1776 ad

122 1837 266 1892 quas
310 1835 376 1874 se
426 1817 736 1893 applicent,
781 1818 1036 1894 ejusdem
1083 1818 1315 1896 generis
1364 1818 1717 1888 animantes;
1751 1815 1813 1866 15

123 1913 302 1989 idque
359 1913 582 1972 faciunt
637 1934 770 1972 cum
826 1915 1137 1986 desideria,
1176 1924 1236 1972 et
1284 1933 1417 1971 oum
1472 1914 1719 1988 quadam

122 2009 508 2068 similitudine
539 2011 746 2070 amoris
788 2010 1061 2079 humani;
1106 2019 1323 2085 quanto
1352 2009 1412 2064 id
1449 2008 1633 2084 magis
1660 2009 1721 2065 in

121 2108 364 2166 homine
387 2108 451 2165 fit
477 2109 704 2180 natura,
725 2107 822 2183 qui
839 2117 898 2164 et
925 2125 988 2164 se
1019 2107 1142 2182 ipse
1170 2105 1379 2182 diligit,
1399 2114 1458 2161 et
1481 2105 1723 2162 alterum

123 2204 402 2280 anquirit,
432 2205 599 2280 eujus
629 2204 884 2262 animum
928 2203 1010 2261 ita
1054 2222 1189 2261 cum
1230 2221 1337 2260 suo
1364 2201 1629 2275 misceat,
1657 2211 1723 2260 ut

121 2301 342 2361 efficiat
368 2321 534 2378 paene
561 2321 740 2360 unum
769 2321 841 2360 ex
869 2301 1133 2360 duobus?
1749 2307 1814 2358 20

204 2494 415 2553 XXII·.
501 2496 620 2554 Sed
649 2497 909 2573 plerique
948 2515 1215 2573 perverse
1246 2496 1349 2575 (ne
1378 2497 1591 2568 dicam,
1622 2497 1726 2554 im-

125 2593 440 2672 pudenter)
490 2593 740 2651 amioum
784 2594 996 2652 habere
1042 2597 1217 2653 talem
1261 2594 1481 2665 volunt,
1526 2591 1725 2667 quales

128 2689 238 2765 ipsi
278 2708 408 2746 esse
435 2707 554 2746 non
575 2702 852 2766 possunt:
897 2711 1135 2768 quaeque
1164 2691 1274 2768 ipsi
1302 2709 1421 2747 non
1462 2687 1726 2745 tribuunt

131 2786 358 2858 amicis,
403 2786 530 2844 haeo
577 2788 648 2845 ab
698 2788 770 2845 iis
797 2789 1147 2846 desiderant.
1232 2787 1343 2844 Par
1373 2795 1461 2842 est
1504 2791 1722 2852 autem,

127 2884 380 2959 primum
426 2884 614 2960 ipsum
661 2903 788 2942 esse
816 2886 1002 2942 virum
1048 2885 1287 2954 bonum,
1316 2892 1439 2938 tum
1484 2879 1723 2936 alterum
1754 2872 1821 2932 25

131 2982 380 3040 similem
409 2982 500 3040 sui
528 3001 804 3056 quaerere.
887 2980 958 3039 In
993 2980 1207 3037 talibus
1248 2998 1337 3049 ea,
1368 2995 1539 3052 quam
1583 2974 1727 3052 jam-

135 3076 352 3137 dudum
379 3087 714 3149 tractamuS,
760 3078 1042 3136 stabilitas
1086 3074 1353 3134 amicitiae
1396 3073 1727 3133 confirmari
