2084 3517
267 281 384 341 1⁰6
663 291 936 350 LAEst,
979 290 1129 339 srvi:
1170 292 1257 339 nr:
1297 293 1613 342 Amicum.
1714 346 1721 352 ,

353 439 456 498 sed
483 441 655 499 etiam
680 440 924 514 posteris
963 441 1073 496 erit
1100 436 1256 498 clara
1295 451 1353 498 et
1393 440 1651 519 insignis.
1736 441 1953 502 Nemo

353 555 604 612 unquam
634 535 825 592 animo
854 545 952 591 aut
977 554 1079 610 spe
1120 537 1336 612 majora
1369 537 1659 613 suscipiet,
1691 540 1791 614 qui
1820 541 1949 598 sibi
2046 601 2048 626 ἦ

349 651 470 690 non
499 630 651 687 illius
677 629 1012 686 memoriam
1056 639 1224 705 atque
1263 631 1573 709 imaginem
1605 652 1951 710 proponen-

351 727 485 785 dam
510 735 690 802 putet.

287 829 322 878 5
428 821 732 899 Equidem,
781 841 853 880 ex
905 823 1171 881 omnibus
1216 825 1387 882 rebus
1434 813 1573 900 quas
1631 827 1776 884 mihi
1834 838 1948 887 aut
2046 811 2048 850 ⁷

347 921 581 980 ‚fortuna
634 930 730 978 aut
781 930 988 978 natura
1039 921 1257 994 tribuit,
1312 922 1455 980 nihil
1510 923 1716 997 habeo,
1774 926 1947 1000 quod

347 1037 484 1078 cum
529 1016 784 1077 amicitia
832 1017 1125 1095 Scipionis
1164 1018 1379 1092 possim
1426 1037 1774 1094 comparare.
1861 1021 1945 1080 In
2047 1011 2048 1014 ¹

347 1115 461 1174 hac
490 1116 628 1174 mihi
669 1117 742 1177 de
781 1116 1081 1191 republica
1107 1133 1440 1187 consensus,
1484 1115 1541 1172 in
1583 1115 1695 1172 hac
1735 1135 1944 1174 rerum

345 1202 691 1287 privatarum
734 1211 1061 1284 consilium,
1122 1211 1182 1269 in
1230 1211 1433 1268 eadem
1485 1211 1711 1287 requies
1756 1213 1943 1288 plena

255 1301 319 1351 1⁰
346 1307 749 1367 oblectationis
802 1307 924 1366 suit.
1005 1307 1317 1385 Nunquam
1364 1307 1525 1366 illurn
1570 1327 1647 1364 ne
1688 1308 1942 1367 minima

347 1403 579 1480 quidem
606 1423 669 1462 re
696 1404 930 1477 offendi,
959 1403 1114 1479 quod
1150 1397 1384 1480 quidem
1424 1403 1700 1462 senserim
1726 1422 1740 1460 ε
1782 1405 1938 1462 nihil

351 1500 540 1559 audivi
587 1519 659 1558 ex
703 1519 774 1559 eo
821 1501 962 1578 ipse,
1017 1500 1171 1578 quod
1224 1501 1453 1558 nollem.
1533 1499 1666 1557 Una
1722 1500 1937 1559 domus

349 1605 491 1668 erat,
521 1597 672 1654 idem
700 1597 905 1668 victus,
935 1597 1096 1671 isque
1125 1595 1479 1664 communis3
1524 1613 1709 1670 neque
1738 1596 1934 1652 solum

349 1691 574 1762 militia,
635 1691 736 1748 sed
805 1692 978 1748 etiam
1048 1691 1540 1767 peregrinationes
1606 1692 1936 1750 rusticatio-

258 1797 320 1848 15
351 1805 566 1862 nesque
620 1804 972 1844 communes.
1074 1785 1229 1844 Nam
1269 1786 1406 1862 quid
1446 1806 1555 1863 ego
1594 1787 1667 1845 de
1718 1789 1931 1847 studiis

351 1883 542 1942 dicam
585 1882 979 1961 cognoscendi
1029 1901 1252 1958 semper
1302 1883 1535 1958 aliquid,
1586 1869 1754 1959 atque
1818 1886 1933 1944 dis-

351 1979 542 2052 cendi,
573 1980 633 2038 in
673 1980 900 2056 quibuS,
929 1979 1134 2037 remoti
1178 1980 1248 2036 ab
1288 1979 1473 2037 oculis
1507 1980 1723 2054 populi,
1752 2000 1932 2040 omne

351 2077 600 2134 otiosum
643 2086 870 2151 tempus
925 2076 1336 2134 contrivimus?
1413 2075 1679 2137 Quarum
1733 2095 1931 2136 rerum

349 2172 673 2230 recordatio
699 2181 759 2229 et
803 2173 1083 2233 memoria
1126 2172 1175 2229 si
1222 2172 1338 2230 una
1371 2191 1504 2229 cum
1552 2173 1651 2229 illo
1678 2175 1931 2233 occidis-

255 2279 320 2329 20
351 2277 456 2339 set,
486 2265 830 2323 desiderium
861 2265 1319 2342 conjunctissimi
1354 2276 1519 2341 atque
1550 2269 1929 2328 amantissimi

349 2362 455 2420 viri
511 2360 658 2419 ferre
710 2362 870 2419 nullo
925 2361 1096 2418 modo
1149 2379 1391 2436 possem.
1490 2363 1605 2419 Sed
1660 2383 1772 2420 nec
1829 2365 1931 2424 illa

350 2457 632 2516 exstincta
679 2468 842 2527 sunt3
908 2455 1247 2531 alunturque
1296 2455 1487 2530 potius
1533 2467 1592 2514 et
1646 2471 1929 2536 augentur

350 2553 700 2631 cogitatione
729 2563 786 2610 et
823 2553 1114 2608 memoria.
1198 2551 1293 2622 Et,
1325 2552 1372 2608 si
1416 2551 1527 2609 illis
1565 2553 1735 2628 plane
1762 2558 1928 2614 orba-

349 2659 442 2708 tus
488 2669 692 2721 essem,
741 2667 1012 2724 magnum
1075 2657 1267 2704 tamen
1323 2648 1546 2706 afferret
1606 2650 1747 2707 mihi
1786 2663 1925 2710 aetas

255 2755 320 2806 25
350 2745 476 2824 ipsa
501 2745 803 2804 solatium:
845 2743 1063 2800 diutius
1090 2744 1244 2800 enim
1266 2743 1385 2819 jam
1414 2743 1473 2801 in
1502 2744 1615 2802 hoc
1634 2747 1925 2806 desiderio

349 2861 478 2902 esse
519 2860 636 2899 non
676 2857 925 2916 possum.
1009 2838 1224 2896 Omnia
1268 2849 1457 2898 autem
1498 2842 1693 2901 brevia
1719 2844 1925 2904 tolera-

349 2938 492 2996 bilia
516 2954 642 2996 esse
670 2936 902 3008 debent,
931 2936 1105 2994 etiam
1134 2934 1183 2992 si
1212 2954 1423 3014 magna
1448 2936 1579 2998 sint.
