2084 3517
474 338 749 398 LAELmS,
784 338 933 387 srvi:
970 340 1060 387 nn
1099 339 1416 389 mortu.
1738 329 1820 391 85

109 485 283 559 fluat,
321 496 437 545 aut
474 506 549 545 ne
588 488 719 565 plus
762 508 925 565 aequo
964 490 1102 565 quid
1141 490 1203 549 in
1247 487 1561 549 amicitiam
1593 504 1729 547 con-

104 592 392 659 geratur.

189 679 477 738 Tertius
506 698 643 739 vero
686 681 785 739 ille
828 681 961 739 finis
1002 680 1362 755 deterrimus,
1401 692 1484 755 ut,
1527 680 1726 757 quanti

102 775 387 853 quisque
415 796 477 835 se
506 778 628 854 ipse
657 778 850 851 faciat,
874 778 1021 837 tanti
1050 780 1149 837 fiat
1178 780 1250 837 ab
1273 780 1486 839 amicis.
1545 780 1726 855 ,Saepe

104 873 281 931 enim
314 874 391 931 in
420 875 758 949 quibusdam
791 885 888 933 aut
918 877 1142 935 animus
1185 876 1461 953 abjectior
1491 886 1597 949 est,
1628 884 1726 935 aut
1751 879 1788 929 5

106 986 251 1046 spes
278 970 711 1047 amplificandoe
734 972 977 1031 fortunoe
999 972 1256 1031 fractior.
1340 971 1400 1029 N
1403 990 1480 1029 on
1508 983 1596 1030 est
1621 972 1727 1051 igi-

106 1074 209 1123 tur
260 1067 474 1139 amici,
504 1068 676 1125 talem
719 1088 845 1127 esse
893 1069 954 1128 in
1001 1088 1156 1142 eum,
1199 1068 1385 1145 qualis
1427 1068 1523 1127 ille
1563 1068 1624 1126 in
1663 1087 1727 1127 se

110 1172 246 1233 est3
299 1163 413 1221 sed
439 1165 630 1239 potius
657 1166 819 1238 eniti,
850 1176 908 1224 et
937 1167 1188 1239 efficere,
1219 1176 1283 1224 ut
1326 1166 1497 1224 amici
1530 1165 1728 1242 jacen-

111 1267 243 1317 tem
276 1260 543 1317 animum
572 1261 803 1334 excitet,
846 1263 1198 1339 inducatque
1226 1281 1385 1339 spem
1426 1261 1726 1339 cogitatio-

113 1372 389 1431 nemque
415 1356 731 1415 meliorem.
1307 1368 1330 1387 ‘
1753 1359 1816 1409 10

198 1452 390 1509 Alius
432 1452 606 1529 igitur
647 1453 779 1510 finis
805 1472 952 1511 verae
992 1453 1260 1511 amicitiae
1289 1452 1727 1510 constituendus

109 1558 233 1620 est,
282 1549 336 1606 si
376 1550 555 1624 priuS,
600 1548 739 1623 quid
780 1549 1026 1605 maxime
1067 1548 1486 1624 reprehendere
1526 1546 1727 1621 Scipio

118 1644 343 1703 solitus
365 1644 458 1716 sit,
477 1645 726 1703 edixero.
809 1644 1081 1722 Negabat
1107 1644 1283 1701 ullam
1311 1662 1512 1700 vocem
1541 1640 1728 1701 inimi-

120 1739 355 1799 ciorem
386 1741 653 1799 amicitiae
681 1742 937 1817 potuisse
965 1741 1224 1817 reperiri,
1255 1758 1426 1815 quam
1452 1740 1596 1816 ejus,
1626 1738 1724 1815 qui

124 1835 399 1908 dixisset,
430 1836 513 1894 ita
540 1856 730 1895 amare
758 1848 1039 1914 oportere,
1071 1848 1134 1895 ut
1160 1838 1208 1895 si
1239 1837 1546 1912 aliquando
1574 1846 1724 1894 esset
1753 1843 1817 1892 15

124 1950 347 1991 osurus
370 1952 385 1989 τ
428 1952 539 1991 nec
567 1952 703 1990 vero
730 1954 793 1991 se
824 1935 1033 1992 adduci
1059 1952 1246 2009 posse,
1269 1943 1334 1989 ut
1361 1934 1475 1989 hoc
1501 1931 1724 2008 (quem-

130 2028 454 2085 admodum
494 2031 817 2105 putaretur)
863 2048 896 2085 a
936 2028 1145 2085 Biante
1187 2045 1314 2083 esse
1354 2026 1575 2083 dictum
1604 2044 1726 2082 cre-

126 2124 322 2196 deret,
352 2123 452 2199 qui
493 2126 723 2200 sapiens
763 2124 993 2181 habitus
1033 2132 1187 2179 esset
1223 2141 1374 2179 unus
1405 2140 1440 2177 e
1471 2131 1720 2197 septem3

126 2220 239 2277 sed
284 2220 495 2296 impuri
538 2220 857 2297 cujusdam,
904 2229 1000 2277 aut
1044 2218 1352 2289 ambitiosi,
1393 2228 1491 2275 aut
1529 2216 1726 2276 omnia

134 2317 211 2373 ad
254 2334 419 2373 suam
460 2316 779 2391 potentiam
819 2315 1164 2386 revocantis,
1194 2332 1320 2371 esse
1361 2314 1720 2373 sententiam.
1750 2330 1816 2381 20

128 2412 419 2475 Quonam
447 2412 601 2469 enim
631 2412 807 2469 modo
834 2412 1136 2486 quisquam
1167 2411 1386 2469 amicus
1414 2431 1542 2470 esse
1566 2422 1726 2489 pote-

134 2510 233 2580 rit,
266 2508 367 2583 qui
394 2528 455 2565 se
482 2509 706 2584 putabit
735 2509 1033 2566 inimicum
1063 2526 1189 2565 esse
1219 2510 1434 2584 posse?
1497 2508 1726 2569 Quine-

135 2605 281 2663 tiam
338 2624 577 2662 necesse
624 2606 733 2663 erit
774 2624 985 2681 cupere
1037 2614 1096 2661 et
1151 2615 1367 2681 optare,
1422 2614 1487 2661 ut
1553 2620 1725 2677 quam

136 2701 456 2778 saepissime
507 2711 715 2777 peccet
768 2702 1005 2773 amicus,
1057 2719 1171 2775 quo
1223 2701 1416 2776 plures
1463 2698 1561 2754 det
1614 2694 1724 2752 sibi

135 2807 416 2871 tanquam
446 2816 613 2855 ansas
642 2797 713 2855 ad
740 2796 1278 2872 reprehendendum
1303 2815 1316 2851 :
1359 2808 1586 2850 rursum
1628 2808 1724 2847 au·
1750 2806 1816 2857 25

140 2903 258 2951 tem
287 2904 445 2950 recte
474 2892 643 2950 sactis
670 2892 1100 2965 commodisque
1131 2890 1446 2947 amicorum
1485 2902 1725 2943 necesse

142 2990 255 3049 erit
286 2988 443 3065 angi,
472 2989 689 3059 dolere,
720 2986 991 3044 invidere.

218 3085 426 3147 Quare
466 3085 579 3143 hoc
618 3083 850 3160 quidem
888 3090 1236 3158 praeceptum
1281 3077 1723 3157 (cujuscumque

541 3180 581 3237 8
