2084 3517
445 319 717 380 LAELtUS,
754 322 902 369 srvn
940 322 1027 369 ni:
1066 322 1381 370 mrcnu„
1713 309 1790 368 61

116 467 203 525 vel
247 466 460 545 glorist,
502 478 567 525 ut
604 468 749 526 nihil
789 478 985 545 posset
1026 470 1321 529 accedere.
1403 468 1697 527 Moriendi

120 574 314 621 autem
356 582 588 622 sensum
616 565 883 622 celeritas
912 566 1174 623 abstulit:
1215 585 1330 642 quo
1369 566 1442 623 de
1481 583 1696 642 genere

116 658 323 716 mortis
366 659 601 717 difficile
643 660 803 718 dictu
844 670 967 730 est;
1025 661 1162 736 quid
1209 661 1470 719 homines
1515 660 1696 737 suspi-

116 764 349 827 centur,
370 755 593 815 videtis,
675 757 812 815 Hoc
836 768 1029 815 tamen
1061 776 1192 815 vere
1217 757 1356 815 licet
1380 758 1594 830 dicere,
1623 757 1688 815 P.

115 852 405 927 Scipioni,
456 872 527 910 ex
572 853 767 911 multis
814 854 1040 926 diebus,
1086 873 1230 929 quos
1275 854 1336 911 in
1383 855 1498 912 vita
1541 854 1690 913 cele-
1719 864 1753 913 5

114 948 401 1007 berrimos
442 950 872 1026 laetissimosque
914 951 1140 1024 viderit,
1183 951 1344 1009 illum
1383 951 1536 1008 diem
1576 951 1690 1009 cla-

111 1044 410 1102 rissimum
459 1046 652 1118 fuisse,
698 1066 851 1119 cum,
900 1057 1102 1105 senatu
1151 1047 1406 1118 dimisse,
1455 1047 1688 1105 domum

110 1142 395 1199 reductus
424 1143 494 1199 ad
522 1162 819 1219 vesperum
846 1154 951 1217 est,
983 1164 1016 1201 a
1040 1145 1296 1220 patribus
1324 1144 1686 1219 conscriptis,

112 1258 145 1295 a
185 1237 391 1313 populi
431 1238 685 1295 Romani
724 1240 899 1297 sociis
939 1250 997 1296 et
1036 1240 1278 1311 Latinis,
1305 1240 1490 1315 pridie
1514 1259 1686 1315 quam

108 1334 363 1393 excessit
392 1354 425 1391 e
456 1335 569 1391 vita
599 1356 611 1392 :
654 1345 721 1394 ut
758 1355 830 1393 ex
868 1346 984 1393 tam
1027 1336 1144 1393 alto
1183 1337 1477 1413 dignitatis
1503 1337 1684 1414 gradu
1715 1348 1776 1397 10

110 1432 183 1489 ad
236 1450 478 1506 superos
532 1432 793 1488 videatur
847 1430 1058 1506 potine,
1105 1450 1275 1507 quam
1331 1432 1402 1489 ad
1455 1431 1685 1502 inferos,

104 1528 455 1603 pervenisse.
538 1527 749 1602 Neque
788 1527 943 1584 enim
985 1527 1258 1584 assentior
1298 1526 1388 1597 iis,
1425 1526 1522 1602 qui
1563 1526 1688 1583 haec

103 1642 293 1699 nuper
322 1624 603 1681 disserere
632 1632 949 1699 coeperunt,
980 1640 1114 1695 cum
1141 1622 1478 1698 corporibus
1516 1622 1684 1681 simul

108 1720 337 1777 animos
365 1720 617 1793 interire,
650 1731 820 1795 atque
848 1720 1046 1777 omnia
1069 1730 1252 1778 morte
1279 1720 1474 1777 deleri.

184 1912 293 1969 IV.
377 1912 516 1971 Plus
578 1914 727 1989 apud
794 1932 887 1970 me
954 1913 1319 1988 antiquorum
1375 1913 1684 1971 auctoritas
1713 1929 1774 1977 15

103 2010 277 2079 valet,
308 2008 397 2065 vel
426 2019 747 2067 nostrorum
789 2008 1090 2084 majorum,
1121 2007 1247 2082 (qui
1287 2008 1528 2065 mortuis
1566 2018 1685 2065 tarn

102 2104 383 2181 religiosa
434 2104 565 2180 jura
612 2106 970 2173 tribuerunt3
1033 2104 1188 2179 quod
1239 2120 1360 2159 non
1413 2103 1684 2159 fecissent

102 2201 391 2277 profectu,
426 2202 474 2257 si
506 2201 649 2258 nihil
690 2202 759 2258 ad
796 2220 896 2258 eos
930 2200 1220 2276 pertinere
1245 2198 1680 2278 arbitrarentur)

103 2298 193 2354 vel
224 2316 446 2368 eorum,
474 2298 570 2373 qui
604 2297 663 2353 in
698 2298 808 2354 hac
840 2297 992 2354 terrfi.
1022 2296 1274 2367 fuerunt,
1302 2314 1680 2373 magnamque

103 2394 399 2451 Graeciam
455 2394 607 2470 (quae
661 2414 819 2451 nunc
871 2394 1102 2469 quidem
1158 2393 1348 2451 deleta
1398 2402 1504 2464 est,
1559 2403 1680 2451 tum
1709 2406 1774 2455 20

106 2490 379 2569 florebat)
409 2489 685 2547 institutis
726 2499 784 2546 et
820 2489 1124 2565 praeceptis
1161 2489 1280 2546 suis
1315 2489 1678 2558 erudierunt3
1713 2518 1723 2535 a

106 2587 195 2643 vel
252 2586 394 2662 ejuS,
448 2585 545 2662 qui
599 2568 887 2661 Apollinis
940 2586 1177 2644 oraculo
1231 2585 1682 2661 sapientissimus

108 2693 197 2739 est
231 2682 557 2758 judicatus:
605 2683 704 2758 qui
748 2702 867 2741 non
913 2693 1036 2741 tum
1083 2683 1213 2753 hoc,
1251 2692 1374 2739 tum
1421 2680 1580 2749 illud,
1619 2686 1684 2734 ut

109 2779 169 2835 in
208 2780 516 2855 plerisque,
564 2780 664 2836 sed
706 2778 859 2836 idem
900 2780 1130 2836 dicebat
1169 2796 1410 2853 semper,
1459 2774 1682 2832 animos

110 2876 410 2933 hominum
458 2894 585 2932 esse
632 2875 873 2947 divinos,
923 2875 1124 2949 iisque,
1179 2891 1313 2930 cum
1361 2890 1394 2929 e
1441 2885 1680 2943 corpore
1709 2879 1774 2929 25

112 2971 513 3050 excessissent,
550 2971 797 3028 reditum
838 2972 899 3029 in
940 2969 1149 3027 coelum
1187 2977 1405 3043 patere,
1441 2963 1682 3040 optimo-

111 3088 219 3144 que
244 3078 307 3127 et
327 3066 647 3145 justissimo
672 3066 883 3142 cuique
908 3063 1410 3143 expeditissimum.

506 3164 547 3220 6
