2084 3517
354 319 436 378 84
752 335 1027 395 mune,
1069 336 1218 383 snm
1257 337 1346 384 nn
1385 337 1701 384 monn.

448 482 702 541 amicitia
746 483 909 556 fines,
958 495 1017 542 et
1062 485 1224 561 quasi
1269 485 1520 557 termini,
1567 484 1886 561 diligendi:
1943 485 2003 540 de

445 580 649 656 quibus
668 590 785 638 tres
806 581 973 638 video
992 582 1304 640 sententias
1326 583 1460 639 ferri
1479 603 1492 653 3
1535 601 1778 657 quarum
1797 581 2003 640 nullam

441 677 660 752 probo:
704 696 897 749 unam,
926 689 991 735 ut
1030 679 1234 736 eodem
1276 679 1448 736 modo
1481 697 1618 755 erga
1653 679 1911 736 amicum
1939 678 2004 734 as-

444 773 581 830 secti
620 773 817 845 simne,
846 793 959 849 quo
1000 793 1140 851 erga
1177 786 1400 832 nosmet
1429 775 1617 866 ipson
1663 775 1922 846 alteram,
1949 784 2002 830 ut

380 871 413 920 5
441 879 637 927 nostra
675 870 735 926 in
778 871 993 927 amicos
1032 871 1434 928 benevolentia
1471 871 1700 928 illorum
1737 890 1884 947 erga
1907 889 1998 926 nos

441 965 851 1023 benevolentiae
902 967 1114 1042 pariter
1167 967 1570 1043 aequaliterque
1629 967 1996 1042 respondeat3

438 1063 683 1133 tertiam,
712 1073 795 1134 ut,
822 1063 1019 1138 quanti
1047 1063 1284 1138 quisque
1311 1082 1374 1120 se
1399 1063 1522 1138 ipse
1551 1063 1711 1136 facit,
1733 1064 1886 1120 tanti
1911 1063 1999 1120 fiat

438 1159 512 1214 ab
540 1159 759 1216 amiciS.

516 1253 741 1311 Harum
766 1255 938 1312 trium
966 1256 1376 1313 sententiarum
1401 1256 1546 1314 nulli
1562 1275 1797 1331 prorsus
1821 1275 1997 1314 assen-

346 1347 408 1397 10
436 1348 561 1406 tior.
642 1349 775 1406 Nec
812 1351 964 1407 enim
994 1349 1094 1407 illa
1117 1351 1304 1425 prima
1329 1369 1464 1407 vera
1487 1360 1593 1422 est,
1622 1360 1704 1422 ut,
1737 1350 1997 1425 quemad-

434 1445 669 1502 modum
692 1446 751 1503 in
772 1465 835 1502 se
856 1447 1114 1522 quisque,
1133 1447 1300 1503 sicin
1328 1448 1576 1504 amicum
1603 1447 1677 1503 sit
1701 1447 1990 1504 animatus

432 1541 631 1602 Quam
672 1543 853 1600 multa
890 1543 1068 1614 enim,
1095 1563 1222 1618 quae
1261 1543 1459 1600 nostr&⁴
1497 1543 1674 1600 causi
1709 1560 1990 1619 nunquam
2045 1565 2047 1598 3

434 1637 769 1708 taceremne,
802 1639 1044 1694 facimus
1072 1639 1250 1696 causa
1280 1639 1636 1696 amicorum?
1675 1640 1901 1714 precari
1929 1639 1988 1694 ab

434 1731 692 1807 indigno,
734 1733 1089 1807 supplicare3
1147 1743 1268 1790 tum
1326 1735 1589 1791 acerbius
1637 1735 1698 1791 in
1755 1735 1985 1810 aliquem

340 1823 402 1871 15
432 1827 642 1897 invehi,
672 1827 1056 1902 insectarique
1084 1828 1509 1886 vehementius:
1552 1848 1676 1904 quae
1704 1831 1766 1887 in
1791 1831 1983 1888 nostris

431 1925 601 1980 rebus
622 1943 738 1980 non
761 1924 898 1981 satis
918 1923 1175 1996 honeste,
1199 1925 1258 1982 in
1289 1926 1602 1983 amicorum
1623 1925 1768 1983 fiunt
1796 1927 1984 1984 hones-

428 2020 662 2078 tissime.
728 2019 945 2078 ,Multae
986 2039 1212 2096 quoque
1250 2041 1344 2078 res
1383 2032 1534 2092 sunt,
1577 2022 1637 2078 in
1677 2023 1882 2097 quibus
1920 2022 1982 2078 de
2044 2079 2045 2100 ζ

428 2117 547 2174 suis
574 2117 893 2174 commodis
920 2117 1025 2174 viri
1066 2117 1204 2174 boni
1245 2118 1424 2174 multa
1457 2117 1783 2189 detrahunt,
1813 2119 1982 2175 detra·
2044 2104 2045 2119 ¹

428 2211 599 2287 hique
635 2213 948 2288 patiuntur,
986 2223 1052 2270 ut
1091 2213 1162 2270 iis
1205 2213 1375 2270 amici
1412 2214 1624 2288 potiUS,
1655 2233 1822 2288 quam
1863 2215 1976 2289 ipsi,

330 2307 396 2355 20
428 2307 703 2366 fruantur.

504 2403 705 2462 Altera
759 2407 1046 2464 sententia
1094 2417 1200 2478 est,
1258 2425 1384 2480 quoe
1438 2406 1638 2464 definit
1679 2406 1973 2463 amicitiam
2042 2447 2043 2460 ἢ

421 2501 654 2577 paribus
706 2502 909 2559 officiis
964 2522 1033 2560 ac
1080 2503 1485 2560 voluntatibus.
1569 2502 1704 2559 Hoc
1757 2503 1972 2577 quidem

422 2607 508 2654 est
548 2598 717 2655 nimis
758 2599 965 2674 exigue
1008 2609 1066 2656 et
1105 2600 1328 2656 exiliter
1371 2599 1441 2656 ad
1483 2599 1738 2656 calculos
1779 2618 1970 2655 vocare

423 2695 753 2765 amicitiam,
784 2705 847 2752 ut
884 2715 987 2770 par
1027 2696 1103 2752 sit
1143 2696 1291 2753 ratio
1333 2706 1699 2772 acceptorum
1739 2705 1795 2752 et
1825 2696 1971 2758 dato,-

322 2787 387 2836 ffi
419 2811 561 2850 rum.
655 2791 846 2848 Ditior
906 2792 1048 2849 mihi
1101 2801 1160 2848 et
1215 2792 1532 2849 affluentior
1585 2792 1805 2848 videtur
1853 2811 1970 2848 esse

417 2908 553 2946 vera
592 2889 881 2959 amicitia3
924 2908 1033 2945 nec
1075 2890 1376 2946 observare
1417 2889 1699 2960 restricte,
1741 2908 1812 2944 ne
1847 2889 1968 2964 plus

416 2985 635 3056 reddat,
663 3005 830 3061 quam
863 2985 1170 3061 acceperit.
1253 2985 1459 3061 Neque
1489 2986 1642 3042 enim
1670 2985 1966 3043 verendum

414 3088 520 3150 est,
550 3098 624 3136 ne
662 3083 799 3157 quid
839 3082 1088 3152 excidat,
1119 3091 1215 3139 aut
1255 3100 1330 3138 ne
1355 3083 1494 3160 quid
1535 3083 1596 3139 in
1637 3091 1840 3140 terram
1879 3083 1969 3139 de-
