2084 3517
39 0 55 320 ι

38 343 49 556 '

457 307 734 370 LAELIUS,
771 310 923 361 srva
959 311 1047 358 nn
1087 309 1403 358 Amcrru.
1722 301 1803 362 89

143 454 244 514 Est
293 455 448 514 enirn
495 457 634 514 boni
681 458 788 515 viri
838 456 1039 534 (quem
1093 460 1343 518 eundem
1392 456 1709 534 sapientem

139 552 536 633 licet·dicere)
584 555 710 611 haec
753 555 868 613 duo
913 564 1113 612 tenere
1154 556 1215 612 in
1259 555 1554 613 amicitia:
1596 554 1710 631 pri-

139 667 310 720 mum,
340 651 552 725 nequid
581 650 778 708 fictum
807 651 901 722 sit,
930 669 1077 708 neve
1118 651 1443 709 simulatum
1486 650 1711 729 (aperte

137 745 288 802 enim
325 746 415 802 vel
457 746 667 817 odisse,
697 733 894 823 ωαςίἑ
908 745 1147 822 ingenui
1187 756 1293 818 est,
1321 766 1489 823 quam
1522 747 1709 804 fronte

137 841 426 898 occultare
453 842 860 921 sententiam);
904 841 1135 913 deinde,
1157 861 1275 898 non
1304 841 1489 898 solum
1518 844 1589 901 ab
1612 843 1711 901 ali-
1735 852 1769 902 5

138 955 246 1011 quo
275 937 476 995 allatas
517 938 946 996 criminationes
973 937 1270 1014 repellere,
1301 938 1401 994 sed
1422 957 1497 994 ne
1524 940 1708 1014 ipsum

135 1034 360 1108 quidem
401 1052 528 1090 esse
567 1035 970 1110 suspiciosum,
999 1053 1224 1110 semper
1266 1033 1483 1109 aliquid
1523 1035 1711 1093 existi-

32 1195 34 1220 ÷
137 1141 382 1187 mantem
413 1131 484 1188 ab
513 1131 700 1188 amico
726 1149 852 1187 esse
881 1131 1170 1189 violatum.

208 1227 478 1284 Accedat
523 1226 638 1284 huc
679 1228 926 1286 suavitas
973 1229 1254 1302 quaedam,
1302 1237 1548 1305 oportet,
1596 1247 1710 1286 ser-

135 1341 359 1383 monum
411 1333 580 1398 atque
632 1342 874 1395 morum,
924 1325 1362 1400 haudquaquam
1418 1325 1708 1383 mediocre
1738 1341 1801 1390 10

137 1420 563 1477 condimentum
607 1419 892 1476 amicitiae.
974 1419 1245 1477 Tristitia
1299 1430 1509 1490 autern,
1552 1430 1609 1476 et
1650 1421 1709 1476 in

135 1516 286 1574 omni
333 1534 397 1572 re
445 1515 736 1586 severitas,
759 1514 932 1572 habet
959 1514 1059 1571 illa
1084 1514 1315 1588 quidem
1342 1516 1709 1590 gravitatem=

133 1613 226 1670 sed
257 1612 516 1670 amicitia
555 1611 844 1668 remissior
881 1629 1008 1668 esse
1050 1611 1241 1682 debet,
1270 1621 1341 1668 et*
1368 1610 1623 1683 liberior,
1652 1621 1711 1669 et

133 1707 374 1779 dulcior,
413 1719 471 1765 et
493 1708 563 1766 ad
605 1726 835 1765 omnem
879 1707 1211 1765 comitatem
1257 1707 1709 1783 facilitatemque

131 1805 452 1880 proclivior.
1739 1811 1800 1861 15

203 1997 380 2055 XIX.
431 1996 671 2056 Exsistit
693 2009 884 2056 autem
900 1997 1167 2054 hocloco
1187 1996 1447 2071 quaedam
1468 1994 1707 2070 quaestio

129 2093 522 2152 subdifficilis:
566 2113 702 2151 num
733 2092 964 2168 quando
1000 2091 1173 2148 amici
1202 2091 1357 2162 novi,
1382 2090 1543 2166 digni
1572 2089 1711 2146 ami-

130 2191 288 2262 citia,
318 2190 608 2246 veteribus
633 2190 750 2248 sint
779 2188 1185 2264 anteponendi,
1214 2197 1279 2244 ut
1316 2187 1480 2261 equis
1508 2185 1709 2244 vetulis

128 2297 360 2344 teneros
420 2296 768 2363 anteponere
815 2286 1107 2345 solemus?
1184 2284 1433 2360 Indigna
1478 2284 1711 2343 homine

129 2382 447 2440 dubitatio:
505 2401 620 2440 non
664 2383 819 2440 enim
875 2381 1255 2439 amicitiarum
1303 2399 1429 2438 esse
1476 2381 1707 2454 debent,
1737 2394 1802 2442 20

129 2479 280 2536 sicut
311 2479 548 2537 aliarum
577 2497 786 2550 rerum,
815 2479 1125 2536 satietates,
1208 2478 1535 2537 Veterrima
1560 2498 1711 2553 quae-

130 2595 240 2650 que
286 2574 381 2652 (ut
437 2594 508 2633 ea
552 2576 704 2647 vina,
748 2595 874 2650 quae
922 2585 1261 2634 vetustatem
1318 2576 1535 2653 ferunt)
1584 2591 1711 2630 esse

127 2671 344 2729 debent
401 2672 768 2730 suavissima:
829 2691 1139 2748 verumque
1206 2671 1347 2729 illud
1400 2681 1506 2741 est,
1560 2667 1711 2742 quod

131 2768 370 2840 dicitur,
400 2767 612 2825 multos
649 2768 870 2825 modios
911 2769 1047 2825 salis
1084 2767 1251 2825 simul
1282 2766 1533 2824 edendos
1560 2780 1707 2834 esse,

129 2874 193 2922 ut
221 2864 498 2922 amicitiae
540 2883 750 2922 munus
783 2864 1071 2941 expletum
1112 2863 1203 2920 sit.
1285 2861 1587 2918 Novitates
1616 2877 1710 2916 au·
1737 2867 1801 2918 25

128 2969 267 3032 tem,
298 2959 349 3016 si
381 2979 542 3035 spem
575 2959 836 3030 afferunt,
855 2967 950 3029 .ut,
972 2957 1244 3031 tanquam
1272 2956 1333 3012 in
1372 2953 1565 3010 herbis
1590 2973 1709 3015 non

129 3055 456 3129 fallacibus,
479 3055 700 3114 fructus
729 3062 1016 3130 appareat,
1037 3071 1157 3110 non
1184 3061 1318 3108 sunt
1345 3050 1457 3108 illae
1478 3051 1709 3126 quidem

603 3148 691 3207 8ο
