2084 3517
0 3062 14 3125 ὲ

694 307 781 356 DE
821 305 1224 355 SENECTUTE.
1775 295 1847 354 15

184 455 340 532 Equi
371 455 535 515 fortis
561 466 621 515 et
659 457 898 515 victoris
925 457 1209 516 senectuti
1237 464 1531 532 eomparat
1556 473 1751 528 nuam3

182 575 356 630 quam
401 555 634 630 quidem
677 556 856 631 probe
898 556 1227 613 meminisse
1268 555 1540 632 potestis:
1602 572 1753 612 anno

179 653 336 709 enim
367 652 802 710 undevicesimo
841 662 972 729 post
1011 653 1135 729 ejus
1166 664 1429 725 mortem,
1459 653 1518 710 hi
1548 663 1757 710 consu-

178 748 285 820 leS,
315 749 391 806 T.
423 749 786 807 Flamininus
815 760 872 808 et
902 749 1240 820 M’Aeilius,
1270 749 1406 807 facti
1448 761 1613 808 sunt:
1656 750 1753 807 ille

181 856 374 903 autem
404 846 702 923 Caepione,
734 857 792 904 et
831 847 1101 923 Philippo
1139 847 1365 918 iterum,
1396 847 1749 920 consulibus,
1781 857 1814 906 5
1908 851 1927 870 ‘

177 953 444 1000 mortuus
483 954 602 1001 est:
647 961 782 1000 oum
815 963 925 1022 ego
953 944 1206 1019 quidem,
1236 943 1290 1000 V
1321 952 1379 999 et
1418 943 1529 1001 LX
1572 963 1753 1002 annos

175 1050 372 1112 natus,
415 1039 604 1118 legem
650 1042 978 1100 Voconiam
1023 1060 1167 1099 voce
1215 1041 1446 1118 magna,
1492 1051 1550 1098 et
1584 1043 1753 1100 bonis

174 1136 476 1210 lateribus,
531 1138 855 1198 suasissem.
939 1141 1146 1197 Annos
1200 1139 1375 1196 LXX
1429 1149 1599 1197 natus
1640 1137 1754 1217 (tot

176 1234 337 1291 enim
365 1233 506 1291 vixit
533 1233 786 1316 Ennius)
818 1236 896 1294 ita
939 1237 1158 1294 ferebat
1185 1237 1320 1309 due,
1351 1256 1477 1312 quae
1504 1235 1755 1294 maxima

173 1341 453 1406 putantur
494 1350 692 1404 onera,
732 1343 1129 1409 paupertatem
1169 1343 1227 1390 et
1268 1343 1646 1406 senectutem,
1689 1341 1753 1390 ut
1783 1338 1845 1388 10

177 1428 264 1486 eis
290 1446 456 1503 paene
485 1427 760 1484 delectari
787 1429 1093 1486 videretur.

257 1522 516 1595 Etenim,
587 1542 720 1581 eum
801 1523 1159 1599 contemplor
1240 1523 1451 1597 anime,
1528 1525 1753 1600 reperio

177 1631 429 1697 quatuor
476 1639 700 1693 causae,
745 1639 848 1677 cur
896 1630 1165 1678 senectus
1210 1620 1421 1680 misera
1460 1621 1751 1680 videatur:

177 1737 378 1790 unam,
408 1717 562 1792 quod
608 1727 810 1774 avocet
855 1737 888 1775 a
928 1719 1101 1776 rebus
1144 1719 1448 1796 gerendis;
1496 1714 1751 1791 alteram,

177 1815 336 1890 quod
391 1834 601 1890 eorpus
667 1814 844 1872 faciat
909 1815 1223 1886 infirmius;
1292 1815 1542 1888 tertiam,
1598 1817 1751 1892 quod
1785 1822 1846 1870 15

174 1912 366 1988 privet
392 1912 660 1969 omnibus
689 1911 808 1969 fere
836 1912 1257 1988 voluptatibus:
1288 1923 1566 1986 quartam,
1597 1913 1752 1988 quod

177 2008 336 2066 haud
382 2007 587 2084 procul
633 2008 782 2066 absit
827 2027 860 2066 a
897 2017 1099 2065 morte.
1182 2007 1420 2079 Earum,
1450 2009 1499 2064 si
1538 2009 1749 2083 placet,

179 2123 490 2162 causarum
518 2115 751 2182 quanta,
781 2123 1067 2183 quamque
1095 2104 1169 2160 sit
1190 2103 1346 2184 justa
1372 2123 1750 2182 unaquaeque,

178 2203 495 2260 videamus.

259 2394 367 2452 VI.
450 2395 508 2452 A
562 2395 734 2453 rebus
787 2395 1057 2472 gerendis
1110 2405 1379 2452 senectus
1434 2396 1751 2455 abstrahit?
1782 2407 1845 2457 20

177 2491 462 2554 Quibus?
503 2511 575 2550 an
617 2493 708 2564 iis,
751 2511 877 2567 quae
919 2493 980 2550 in
1015 2493 1312 2569 juventute
1359 2505 1653 2569 geruntur,
1695 2503 1755 2552 et

182 2589 442 2647 viribus?
522 2589 792 2647 Nullaene
835 2589 1010 2666 igitur
1050 2609 1143 2647 res
1184 2601 1317 2647 sunt
1344 2591 1573 2663 seniles,
1604 2607 1751 2664 quae,

183 2685 276 2742 vel
322 2684 560 2742 infirmis
605 2685 958 2760 corporibuS,
1002 2685 1195 2742 animo
1236 2695 1430 2742 tamen
1488 2683 1755 2743 adminis-

185 2781 450 2839 trentur?
527 2781 693 2839 Nihil
723 2799 862 2858 ergo
893 2783 1099 2858 agebat
1115 2781 1196 2842 Q.
1220 2781 1549 2839 Maximus?
1589 2779 1753 2837 Nihil

189 2877 256 2936 L.
286 2877 544 2950 Paullus,
569 2887 730 2953 pater
757 2887 908 2950 tuuS,
941 2877 1162 2953 Scipio,
1192 2897 1369 2952 socer⁵
1398 2875 1599 2950 optimi
1627 2875 1754 2949 viri,
1784 2875 1848 2925 25

191 2973 295 3032 filii
321 2973 478 3032 mei?
520 2973 715 3032 oaeteri
759 2993 946 3049 senes,
975 2973 1255 3048 Fabricii,
1300 2970 1488 3043 Curii,
1534 2971 1756 3032 Corun-
