2084 3517
478 283 752 342 LAELIUS,
787 283 935 330 swa
973 285 1061 330 m:
1102 283 1417 332 AMICITIA.
1718 273 1833 337 105

155 431 308 489 enim
337 432 559 489 dictum
589 442 676 490 est
705 433 776 490 ab
806 433 1086 490 amando:
1132 413 1324 492 amare
1352 444 1545 492 autem
1590 433 1736 494 nihil

157 528 306 586 aliud
356 539 464 600 est,
494 529 607 586 nisi
654 549 786 586 eum
831 529 1020 604 ipsum
1049 529 1309 604 diligere,
1338 549 1510 604 quem
1560 548 1735 604 ames,

152 625 309 684 nulla
375 626 719 702 indigentia,
770 625 932 684 nulla
985 624 1233 682 utilitate
1274 628 1547 700 quaesit&
1608 645 1737 704 quae

152 731 343 780 tamen
387 723 514 798 ipsa
555 722 862 780 efflorescit
903 740 976 778 ex
1031 721 1307 795 amicitia,
1357 724 1531 782 etiam
1576 723 1627 784 si
1672 735 1736 784 tu

150 835 273 876 eam
303 820 500 878 minus
527 829 763 884 secutus
787 819 882 876 sis.
1764 823 1799 876 5

221 915 362 973 Hac
391 935 500 975 nos
527 916 922 977 adolescentes
960 915 1365 977 benevolentia
1391 934 1557 976 senes
1584 875 1733 992 illos,

150 1010 208 1070 L.
260 1012 532 1084 Paulum,
577 1011 660 1070 M.
707 1013 1012 1084 Catonem,
1059 1012 1129 1069 C.
1157 1011 1407 1084 Gallum,
1455 1011 1521 1072 Ρ.
1566 1013 1736 1074 Nasi-

149 1127 296 1182 cam,
335 1109 437 1168 Ti.
481 1109 836 1182 Gracchum,
882 1109 1179 1186 Scipionis
1224 1110 1405 1170 nostri
1447 1127 1733 1185 socerum,

148 1205 469 1264 dileximus,
553 1205 702 1264 Haec
733 1207 909 1266 etiam
935 1207 1121 1283 magis
1146 1208 1339 1267 elucet
1365 1206 1515 1268 inter
1549 1227 1735 1284 mqua-

145 1300 246 1374 les‚
267 1312 336 1360 ut
366 1301 517 1359 inter
543 1321 636 1360 me
669 1312 726 1360 et
755 1303 1111 1377 Scipionem,
1142 1303 1209 1362 L;
1238 1303 1499 1374 Furium,
1521 1303 1585 1363 P.
1608 1303 1735 1363 Ru·
1764 1303 1829 1354 1⁰

144 1398 370 1472 pilium,
419 1398 519 1472 Sp.
566 1397 930 1456 Mummium.
1012 1397 1291 1457 Vicissim
1334 1407 1527 1456 autem
1567 1417 1735 1458 senes

145 1493 202 1551 in
247 1472 708 1552 adolescentium
749 1493 990 1550 caritate
1046 1493 1467 1567 acquiescimus
1484 1513 1519 1564 3.
1557 1501 1621 1551 ut
1673 1495 1734 1552 in

143 1591 355 1662 vestra,
385 1600 450 1648 ut
477 1591 538 1648 in
568 1589 650 1651 Q.
693 1587 1069 1647 Tuberonis:
1114 1589 1381 1663 equidem
1422 1589 1597 1647 etiam
1640 1590 1735 1648 ad·

144 1687 384 1744 modum
457 1685 858 1764 adolescentis,
913 1685 980 1744 P.
1036 1685 1271 1758 Rutilii,
1327 1687 1401 1744 A.
1457 1686 1731 1764 Virginii,

147 1782 534 1840 familiaritate
599 1783 872 1841 delector.
979 1783 1393 1858 Quoniamque
1449 1783 1533 1842 ita
1583 1784 1731 1843 ratio
1762 1787 1824 1840 15

148 1889 482 1954 comparata
500 1889 587 1935 est
606 1880 734 1936 vitae
755 1889 1085 1953 naturaeque
1112 1890 1343 1951 nostrae,
1368 1891 1429 1937 ut
1454 1880 1567 1938 alia
1593 1890 1730 1939 aetan

147 1976 396 2044 oriatur3
441 1974 688 2032 maxime
729 1975 964 2049 quidem
1009 1975 1325 2048 optandum
1354 1984 1459 2044 est,
1488 1983 1551 2032 ut
1594 1991 1729 2032 cum

149 2071 460 2146 aequalibus
497 2071 702 2146 possis,
731 2069 1075 2144 quibuscum
1105 2079 1377 2142 tanquam
1418 2087 1450 2124 e
1486 2069 1731 2128 carceri-

149 2168 256 2224 bus
307 2167 550 2224 emissus
604 2167 702 2237 εἰς,
763 2183 897 2223 cum
953 2164 1158 2222 iisdem
1214 2164 1283 2222 ad
1354 2164 1575 2222 calcem
1637 2164 1729 2243 (ut

151 2263 388 2342 dicitur)
433 2261 747 2338 pervenire.
833 2261 970 2331 Sed,
1011 2261 1283 2334 quoniam
1322 2279 1413 2318 res
1462 2262 1725 2322 humanae
1754 2274 1819 2325 2⁰

154 2359 378 2436 fragiles
427 2359 776 2432 caducaeque
829 2364 981 2427 sunt,
1037 2375 1261 2432 semper
1316 2358 1487 2434 aliqui
1530 2360 1725 2436 anqui-

153 2455 310 2514 rendi
337 2463 490 2525 sunt,
519 2473 659 2528 quos
682 2454 1006 2529 diligamuS,
1029 2463 1087 2508 et
1109 2471 1141 2510 a
1165 2454 1371 2528 quibus
1399 2455 1723 2533 diligamur.

155 2551 402 2608 Caritate
430 2550 582 2606 enim
612 2547 1124 2622 benevolentiaque
1150 2549 1391 2621 sublata,
1422 2552 1608 2606 omnis
1632 2559 1723 2606 est

155 2665 188 2702 e
211 2646 322 2702 vita
349 2645 574 2703 sublata
597 2645 944 2720 jucunditas
1028 2641 1180 2700 Mihi
1222 2645 1453 2720 quidem
1499 2643 1719 2716 Scipio,

155 2759 468 2817 quanquam
509 2751 595 2798 est
637 2741 829 2797 subito
857 2750 1106 2814 ereptus,
1135 2740 1273 2798 vivit
1320 2749 1531 2808 tamen,
1574 2755 1721 2795 sem·
1750 2741 1813 2792 25

157 2855 356 2913 perque
410 2837 596 2894 vivet:
641 2835 907 2893 virtutem
955 2833 1109 2890 enim
1160 2835 1342 2892 amavi
1395 2832 1547 2890 illius
1589 2832 1717 2906 viri,

161 2953 275 3009 quae
305 2934 587 2990 exstincta
625 2949 744 2988 non
773 2940 875 2989 est.
961 2928 1093 2986 Nec
1121 2931 1262 2987 mihi
1308 2927 1417 2985 soli
1463 2935 1720 2989 versatur

166 3039 283 3088 ante
305 3030 525 3102 oculos,
554 3026 652 3106 qui
681 3027 838 3084 illam
861 3041 1085 3100 semper
1112 3023 1171 3082 in
1212 3023 1476 3083 manibus
1502 3024 1715 3100 habui3
