2084 3517
251 299 334 358 88
657 307 930 366 LAELmS,
966 307 1115 354 s1vn
1164 306 1251 354 m:
1290 307 1607 354 Amclm.

343 465 581 534 teponat
626 456 776 514 suo'l
851 455 1062 516 Quid?
1124 455 1251 512 haec
1304 465 1369 513 ut
1419 455 1702 526 omittam,
1756 473 1935 529 quam

345 571 568 631 graves,
613 571 785 626 quam
842 551 1128 624 difficiles,
1176 552 1462 628 plerisque
1514 551 1783 609 videntur
1838 571 1939 610 ca-

345 648 666 709 lamitatum
713 647 1059 706 societates!
1132 647 1203 705 ad
1248 667 1407 723 quas,
1456 665 1573 704 non
1620 657 1709 704 est
1758 648 1935 706 facile

347 745 601 816 inventu,
685 745 784 818 qui
851 745 1179 802 descendat.
1268 743 1623 819 Quanquam
1699 743 1937 802 Ennius

284 851 319 901 5
346 851 506 900 recte
530 861 542 898 ε

555 935 816 984 “Amicus
837 912 1004 984 certus
1026 935 1082 984 in
1103 949 1157 984 re
1178 935 1368 984 incerta
1388 934 1610 984 cernitur
1627 933 1676 982 :”

345 1045 540 1094 tamen
568 1036 692 1094 haec
719 1036 836 1093 duo
863 1034 1112 1092 levitatis
1142 1043 1200 1091 et
1238 1033 1582 1092 infirmitatis
1620 1034 1937 1110 plerosque

347 1132 729 1201 convincunt3
777 1140 874 1188 aut
915 1131 964 1187 si
1005 1131 1067 1186 in
1110 1131 1279 1188 bonis
1320 1131 1495 1188 rebus
1528 1140 1935 1204 contemnunt,

349 1237 446 1286 aut
472 1228 533 1287 in
559 1225 725 1284 malis
752 1226 1040 1284 deserunt.

257 1429 319 1480 10
425 1419 654 1479 XVIII.
707 1419 835 1482 Qui
864 1419 1038 1497 igitur
1065 1419 1309 1495 utraque
1337 1419 1397 1476 in
1423 1437 1487 1477 re
1514 1437 1767 1496 gravem,
1792 1437 1934 1476 con-

346 1526 614 1590 stantem,
643 1517 904 1574 stabilem
931 1535 994 1574 se
1022 1516 1083 1574 in
1112 1515 1367 1574 amicitia
1392 1515 1737 1592 praestiterit,
1770 1515 1933 1574 hunc

346 1632 421 1670 ex
440 1613 685 1670 maxime
713 1631 843 1670 raro
883 1612 1181 1671 hominum
1220 1629 1433 1689 genere
1466 1611 1730 1688 judicare
1758 1611 1937 1670 debe-

347 1727 494 1779 mus,
523 1717 583 1764 et
607 1726 770 1782 paene
799 1707 1013 1765 divino,

427 1802 880 1859 Firmamentum
911 1810 1102 1860 autem
1130 1801 1454 1859 stabilitatis
1476 1804 1935 1879 constantiusque

257 1911 320 1962 15
349 1897 492 1974 ejus,
521 1915 692 1973 quam
719 1897 780 1955 in
805 1897 1059 1956 amicitia
1079 1897 1404 1974 quaerimuS,
1427 1899 1570 1956 fides
1596 1910 1699 1958 est.
1763 1900 1933 1958 Nihil

349 1995 505 2054 enim
543 1995 748 2053 stabile
791 2005 898 2067 est,
927 1994 1083 2070 quod
1120 1994 1361 2052 infidum
1400 2004 1504 2052 est.
1588 1995 1935 2070 Simplicem

347 2102 645 2169 praeterea,
683 2100 742 2149 et
781 2109 1170 2163 communem,
1212 2101 1271 2148 et
1312 2091 1791 2163 consentientem,
1830 2093 1933 2168 qui

350 2190 522 2246 rebus
549 2188 754 2246 iisdem
780 2197 1096 2259 moveatur,
1120 2187 1257 2264 eligi
1282 2206 1385 2263 par
1414 2197 1533 2244 est:
1578 2205 1705 2261 quae
1730 2189 1936 2247 omnia

349 2285 639 2360 pertinent
662 2284 732 2340 ad
754 2283 1123 2341 fidelitatem:
1160 2301 1347 2358 neque
1368 2283 1523 2340 enirn
1543 2283 1721 2341 fidum
1741 2295 1935 2358 potest

255 2390 320 2440 20
351 2397 478 2435 esse
519 2378 817 2453 multiplex
861 2378 1179 2454 ingenium,
1228 2387 1287 2434 et
1326 2387 1685 2440 tortuosum:
1738 2397 1933 2455 neque

350 2491 504 2544 vere,
535 2471 633 2547 qui
675 2491 792 2529 non
837 2472 1042 2530 iisdem
1084 2474 1257 2529 rebus
1300 2482 1577 2544 movetur,
1620 2483 1678 2530 et
1719 2475 1933 2532 natura

351 2567 657 2639 consentit,
687 2576 785 2624 aut
811 2567 958 2625 fidus
988 2577 1086 2625 aut
1113 2567 1333 2626 stabilis
1352 2578 1541 2643 potest
1566 2587 1712 2626 esse.

429 2664 778 2722 Addendum
825 2663 1030 2721 eodem
1073 2673 1179 2736 est,
1222 2673 1287 2721 ut
1331 2682 1407 2721 ne
1452 2665 1791 2723 criminibus
1830 2677 1933 2724 aut

349 2760 664 2819 inferendis
716 2759 1053 2832 delectetur,
1100 2770 1197 2817 aut
1250 2759 1449 2817 credat
1494 2761 1734 2844 oblatis:
1800 2780 1930 2837 quae

253 2861 319 2912 25
349 2856 546 2914 omnia
559 2856 850 2932 pertinent
879 2855 948 2912 ad
977 2875 1125 2927 eam,
1155 2874 1324 2930 quam
1350 2855 1689 2931 jamdudum
1716 2867 1925 2930 tracto,

351 2951 748 3009 constantiam.
845 2949 938 3008 Ita
981 2951 1045 3008 fit
1096 2969 1295 3008 verum
1342 2951 1504 3022 illud,
1558 2953 1709 3027 quod
1758 2953 1928 3010 initio

348 3045 488 3118 dixi,
517 3046 849 3120 amicitiam,
875 3046 990 3104 nisi
1017 3046 1165 3105 inter
1192 3045 1395 3118 bonosi,
1424 3065 1551 3106 esse
1588 3067 1707 3106 non
1734 3066 1923 3125 posse.
