2084 3517
214 299 222 332 ¹
281 285 359 346 38
853 295 1028 340 cATo
1064 293 1296 351 MAJOR,
1338 292 1463 338 suu
2052 280 2054 364 ξ

373 443 446 500 ab
469 460 541 499 eo
569 451 731 498 sunt:
775 459 892 497 non
923 441 1078 497 enim
1108 459 1309 497 aurum
1336 439 1568 510 habere,
1598 435 1948 513 praeclarum

371 539 482 596 sibi
521 538 699 594 videri
741 537 920 606 dixit3
979 537 1079 592 sed
1122 537 1212 607 iis,
1255 536 1353 610 qui
1394 536 1671 592 haberent
1712 553 1945 604 aurum,

351 634 665 716 imperare.
773 633 1083 688 Poteratne
1137 642 1331 690 tantus
1385 631 1607 688 animus
1672 649 1791 686 non
1854 631 1950 706 ju-

373 729 620 786 cundam
649 729 878 786 efficere
908 729 1311 785 senectutem?

306 835 342 884 5
450 825 567 882 Sed
595 825 764 882 venio
807 825 876 881 ad
909 824 1209 900 agricolaS,
1238 843 1313 880 ne
1343 841 1375 879 a
1400 823 1621 897 meipso
1648 823 1944 880 recedam.

369 920 440 978 In
483 922 634 998 agris
675 932 837 978 erant
877 931 999 978 tum
1039 931 1352 990 senator-ee,
1395 930 1453 976 et
1506 920 1682 976 iidem
1736 937 1944 976 senes:

371 1017 654 1093 siquidem
697 1018 878 1075 aranti
921 1017 985 1074 L.
1025 1017 1279 1078 Quintio
1320 1016 1673 1073 Cincinnato
1713 1015 1948 1072 nuntia-

370 1123 494 1170 tum
541 1124 646 1184 est,
692 1133 823 1170 eum
879 1113 1221 1170 dictatorem
1276 1131 1401 1168 esse
1458 1112 1709 1168 factum:
1774 1111 1946 1186 cujus

372 1209 667 1275 dictatoris
701 1209 884 1284 jussu,
930 1209 1199 1284 magister
1240 1209 1499 1282 equitum
1546 1207 1614 1264 C.
1661 1207 1947 1264 Servilius

279 1314 340 1364 10
370 1305 560 1362 Ahala
600 1306 698 1382 Sp.
742 1305 1022 1376 Maelium,
1065 1324 1305 1382 regnum
1350 1314 1733 1380 appetentem,
1762 1323 1944 1360 occu-

367 1412 565 1477 patum
607 1401 912 1460 interemit.
1009 1403 1065 1458 A
1107 1401 1242 1460 villa
1284 1402 1343 1458 in
1384 1411 1647 1458 senatum
1691 1419 1948 1458 arcesse-

368 1499 580 1556 bantur
621 1510 678 1556 et
719 1499 932 1556 Curius
973 1509 1030 1556 et
1072 1499 1266 1556 caeteri
1308 1517 1511 1556 senes:
1554 1516 1625 1554 ex
1662 1515 1797 1572 quo,
1842 1498 1944 1572 qui

367 1613 466 1652 eos
509 1597 894 1665 arcessebant,
935 1597 1181 1652 viatores
1222 1595 1505 1652 nominati
1544 1602 1693 1650 sunt.
1776 1592 1941 1650 Num

367 1689 541 1764 igitur
583 1709 780 1744 eorum
822 1701 1089 1746 senectus
1145 1690 1486 1746 miserabilis
1542 1689 1667 1760 fuit,
1724 1689 1825 1764 qui
1878 1693 1962 1746 se'

275 1797 337 1846 15
368 1783 488 1860 agri
543 1783 798 1839 cultione
847 1784 1260 1841 oblectabant?
1342 1783 1482 1840 Mea
1531 1786 1763 1858 quidem
1812 1805 1941 1842 sen-

365 1879 566 1951 tentia,
612 1880 765 1936 haud
805 1880 949 1952 scie,
995 1899 1067 1937 an
1108 1881 1227 1938 ulla
1266 1882 1485 1938 beatior
1536 1901 1661 1938 esse
1713 1884 1935 1957 possit:

363 1995 550 2052 neque
591 1977 776 2036 solum
805 1977 1017 2050 officio,
1050 1979 1201 2052 quod
1244 1979 1542 2038 hominum
1584 1979 1785 2055 generi
1812 1980 1941 2036 uni-

363 2093 527 2131 verso
569 2075 796 2134 cultura
835 2095 1101 2152 agrorum
1142 2085 1229 2132 est
1268 2075 1551 2146 salutaris,
1594 2075 1694 2132 sed
1737 2085 1795 2132 et
1840 2076 1939 2132 de-

363 2171 674 2230 lectatione
717 2172 914 2251 (quam
967 2173 1135 2251 dixi),
1186 2182 1244 2229 et
1298 2172 1595 2229 saturitate
1650 2171 1937 2246 copiaque

272 2283 335 2332 20
365 2267 620 2324 omnium
660 2286 871 2338 rerum,
922 2286 1048 2340 quae
1105 2267 1176 2324 ad
1230 2268 1447 2324 victum
1500 2267 1817 2338 hominum,
1864 2268 1937 2324 ad

365 2362 582 2419 cultum
624 2362 796 2418 etiam
839 2362 1117 2432 Deorum,
1157 2363 1474 2436 pertinent:
1532 2373 1616 2433 ut,
1658 2364 1937 2437 quoniam

361 2457 487 2513 haec
513 2457 742 2530 quidam
773 2458 1119 2529 desiderant,
1149 2458 1211 2515 in
1251 2458 1493 2533 gratiam
1528 2457 1648 2533 jam
1678 2476 1813 2513 cum
1842 2480 1937 2517 vo-

359 2552 576 2628 luptate
615 2552 933 2610 redeamus.
1033 2555 1272 2629 Semper
1315 2553 1466 2612 enim
1510 2553 1649 2610 boni
1692 2554 1935 2612 assidui-

361 2666 472 2723 que
513 2648 734 2706 domini
773 2649 982 2706 referta
1023 2649 1169 2706 cella
1209 2649 1447 2720 vinaria,
1490 2649 1725 2721 olearia,
1754 2651 1933 2710 etiam

268 2749 332 2801 25
357 2745 596 2821 penaria
623 2756 740 2816 est3
785 2746 1028 2821 villaque
1073 2757 1194 2804 tota
1218 2747 1479 2823 locuples
1506 2758 1629 2804 est:
1676 2748 1931 2806 abundat

357 2860 556 2917 porco,
587 2843 770 2915 haedo,
803 2863 970 2920 agn0‚
1013 2844 1249 2921 gallina,
1289 2843 1461 2916 lacte,
1505 2863 1696 2916 case0,
1738 2845 1925 2902 melle.

360 2936 492 2996 Jam
543 2940 771 2999 hortum
825 2940 934 3017 ipsi
989 2941 1257 3018 agricolae
1314 2943 1633 3002 succidiam
1690 2942 1927 3001 alteram

2054 524 2056 578 l
