2084 3517
678 263 764 310 m:
793 260 1198 313 sannorum
1735 251 1815 309 43

149 410 341 469 aetatis
374 412 687 489 peregisse,
728 432 860 485 nec,
900 424 1172 489 tanquam
1211 410 1574 472 inexercitati
1612 409 1725 469 his-

146 506 391 581 triones,
421 508 480 566 in
508 518 765 565 extremo
794 520 926 567 actu
949 511 1254 570 corruisse.

227 606 315 662 At
342 615 478 663 sunt
502 606 739 677 morosi,
769 616 827 663 et
868 606 1041 679 anxii,
1072 618 1130 664 et
1169 606 1451 679 iracundi,
1481 614 1541 663 et
1581 602 1725 662 diffi-

148 700 297 757 ciles
324 719 525 771 senes3
570 701 618 758 si
646 701 969 775 quaerimus,
998 702 1176 759 etiam
1202 702 1370 759 avari.
1451 701 1570 759 Sed
1599 700 1725 759 haec

146 815 381 855 morum
408 796 547 854 vitia
572 807 723 869 sunt,
752 814 870 854 non
892 797 1223 856 senectutis,
1306 798 1400 855 Ac
1421 797 1724 855 morositas
1752 804 1786 853 5

146 903 369 965 tamen,
400 903 459 950 et
486 912 557 951 ea
584 894 721 951 vitia
746 913 872 969 quae
901 893 1039 965 dixi,
1071 894 1284 951 habent
1315 894 1525 968 aliquid
1553 913 1725 953 excu-

148 988 415 1061 sationis,
442 1007 561 1047 non
590 989 741 1047 illius
769 990 999 1065 quidem
1021 990 1212 1066 justae,
1241 989 1346 1047 sed
1371 1008 1498 1064 quae
1515 991 1722 1064 proba-

147 1086 199 1144 ri
224 1104 401 1161 posse
426 1085 700 1143 videatur.
786 1084 1112 1144 Contemni·
1131 1104 1194 1143 se
1230 1094 1455 1163 putant,
1485 1085 1722 1161 despici,

148 1180 337 1239 illudi.
420 1180 707 1239 Praeterea
734 1181 795 1239 in
822 1181 1009 1259 fragili
1038 1200 1278 1257 corpore
1305 1180 1511 1239 odiosa
1537 1180 1725 1239 omnis

148 1277 395 1335 offensio
420 1286 544 1335 est:
588 1296 713 1353 quae
738 1287 933 1336 tamen
960 1278 1158 1336 omnia
1203 1278 1466 1337 dulciora
1493 1278 1639 1337 fiunt
1665 1287 1724 1335 et
1755 1282 1816 1332 1⁰

148 1374 411 1431 moribus
453 1374 641 1446 bonis,
686 1384 747 1431 et
788 1374 1039 1432 artibus:
1082 1374 1276 1449 idque,
1319 1384 1442 1431 tum
1483 1374 1546 1431 in
1587 1374 1723 1446 vita,

148 1482 275 1529 tum
304 1470 365 1527 in
392 1470 589 1542 scena,
618 1470 864 1547 intelligi
888 1479 1080 1546 potest
1106 1488 1179 1526 ex
1203 1470 1274 1526 iis
1302 1469 1592 1539 fratribus,
1621 1467 1722 1542 qui

150 1567 212 1625 in
242 1574 282 1600 “
303 1567 585 1642 Adelphis
601 1568 636 1594 ''
668 1576 817 1625 sunt.
899 1564 1145 1627 Quanta
1171 1564 1232 1622 in
1275 1564 1456 1622 altero
1483 1562 1724 1636 duritas,

150 1664 215 1721 in
239 1664 419 1721 altero
449 1664 728 1721 comitas!
812 1662 915 1721 Sic
944 1681 1007 1719 se
1045 1680 1140 1720 res
1180 1662 1371 1719 habet.
1452 1660 1531 1719 Ut
1570 1661 1725 1739 enim

150 1778 269 1818 non
298 1778 471 1817 omne
512 1760 729 1831 vinum,
758 1758 844 1817 sic
871 1776 989 1817 non
1030 1758 1218 1817 omnis
1245 1768 1402 1830 aetas,
1443 1767 1726 1815 vetustate
1756 1764 1819 1814 15

152 1856 466 1914 coacescit.
550 1856 925 1915 Severitatem
955 1855 1015 1912 in
1057 1865 1355 1914 senectute
1393 1856 1594 1930 probo,
1623 1854 1728 1911 sed

151 1972 287 2011 eam
335 1951 515 2030 (sicut
570 1953 707 2032 alia)
764 1950 1091 2021 modicam3
1137 1951 1507 2010 acerbitatem
1565 1950 1728 2007 nullo

150 2049 349 2107 modo.
432 2049 692 2107 Avaritia
717 2066 855 2105 vero
882 2047 1082 2105 senilis
1107 2047 1246 2122 quid
1287 2046 1396 2104 sibi
1425 2046 1578 2125 velit,¹
1607 2062 1726 2103 non

150 2146 433 2224 intelligo,
514 2146 709 2205 Potest
736 2144 892 2202 enim
920 2143 1229 2219 quidquam
1257 2159 1384 2199 esse
1406 2130 1725 2214 absurdius,

149 2262 347 2320 quam,
405 2261 518 2318 quo
570 2242 763 2301 minus
816 2241 921 2301 viae
975 2249 1172 2313 restat,
1226 2256 1299 2297 eo
1349 2238 1480 2317 plus
1531 2238 1727 2299 viatici
1756 2242 1822 2293 20

151 2339 451 2415 quaerere'l

229 2528 404 2587 XIX.
486 2528 717 2591 Quarta
734 2538 913 2587 restat
940 2547 1135 2601 causa,
1173 2547 1300 2604 quae
1339 2529 1586 2587 maxime
1630 2548 1726 2586 an-

154 2644 295 2703 gere
326 2636 497 2701 atque
524 2625 830 2683 sollicitam
860 2625 1072 2683 habere
1112 2635 1363 2684 nostram
1395 2636 1621 2683 aetatem
1649 2623 1728 2679 vi-

152 2723 345 2794 detur,
392 2722 867 2799 appropinquatio
908 2722 1147 2791 mortis3
1192 2741 1320 2798 quae
1357 2732 1514 2780 certe
1564 2737 1604 2775 a·
1643 2734 1730 2774 se-

152 2828 391 2877 nectute
430 2838 547 2876 non
584 2828 777 2896 potest
813 2818 987 2896 longe
1028 2819 1245 2876 abesse.
1346 2816 1404 2874 O
1457 2815 1726 2873 miserum
1757 2820 1821 2871 25

153 2933 373 2987 senem,
400 2914 519 2990 qui,
546 2924 789 2973 mortem
818 2914 1302 2974 contemnendam
1327 2930 1475 2982 esse,
1505 2909 1566 2966 in
1605 2918 1724 2967 tam

152 3012 329 3093 longa
368 3019 537 3071 aetate
578 3028 699 3069 non
740 3008 985 3071 viderit!
1028 3028 1156 3087 quae
1205 3018 1304 3068 aut
1347 3006 1519 3083 plane
1546 3005 1728 3085 negli-
