2084 3517
655 271 741 319 DF.
782 272 1184 319 εΕΝΕοΤυΤΕ.
1718 261 1796 319 41

132 437 233 475 sus
263 418 548 475 honorum
577 419 698 476 fuit.
782 420 975 494 Atque
996 422 1120 495 ejus
1147 430 1404 477 extrema
1429 427 1566 476 aetas
1591 418 1705 475 hoo

132 516 379 585 beatior,
411 534 582 589 quam
610 516 819 587 media,
850 517 1001 589 quod
1045 516 1398 573 auctoritatis
1437 515 1568 591 plus
1609 515 1706 571 ha-

129 612 328 682 bebat,
358 611 571 669 laboris
612 630 747 668 vero
774 612 981 669 minus,
1065 613 1231 686 Apex
1276 623 1463 669 autem
1508 628 1706 667 senee-

131 708 275 765 tutis
304 719 393 764 est
424 709 746 765 auotoritas.
828 708 1072 769 Quanta
1113 709 1218 764 fuit
1247 709 1306 765 in
1350 709 1414 765 L.
1461 708 1704 767 Caecilio

130 803 417 861 Metello!
478 814 688 879 quanta
732 806 791 861 in
820 804 999 861 Atilio
1049 804 1349 860 Calatino!
1415 805 1474 861 in
1525 824 1702 880 quem
1731 820 1766 868 5

132 900 278 956 illud
336 901 587 976 elogium
643 901 912 957 unicum:
970 900 1296 957 “Plurimae
1337 902 1705 959 consentiunt

131 1006 359 1072 gentes,
390 996 587 1070 populi
616 996 949 1070 primarium
982 996 1156 1052 fuisse
1183 995 1426 1052 virum.”
1483 995 1706 1053 Notum

132 1102 223 1148 est
267 1110 524 1162 carmen,
574 1092 823 1149 incisum
868 1092 926 1149 in
972 1093 1250 1167 sepulcre.
1349 1091 1490 1149 Jure
1531 1091 1704 1167 igitur

132 1188 343 1265 graviS,
396 1188 560 1263 eujus
603 1189 675 1244 de
728 1189 991 1247 laudibus
1047 1189 1301 1246 omnium
1356 1197 1508 1245 esset
1553 1188 1705 1247 fame

132 1283 520 1340 consentiens.
617 1284 815 1345 Quem
854 1284 1037 1340 virum
1077 1284 1140 1341 P.
1186 1284 1478 1355 Crassum,
1521 1302 1702 1359 nuper
1733 1289 1794 1339 10

130 1379 467 1455 pontificem
492 1380 823 1451 maximum,
854 1399 1021 1453 quem
1049 1390 1252 1454 postea
1291 1379 1374 1437 M.
1418 1380 1702 1454 Lepidum

132 1477 341 1533 eodem
371 1475 695 1532 sacerdotio
720 1476 1044 1550 praeditum,
1071 1475 1358 1531 vidimus?
1435 1474 1602 1534 Quid
1631 1474 1704 1529 de

131 1572 317 1629 Paulo
350 1582 445 1629 aut
473 1572 755 1628 Africano
780 1571 1021 1645 loquar?
1067 1580 1181 1640 aut,
1213 1580 1274 1627 ut
1297 1570 1414 1645 jam
1447 1579 1597 1640 ante,
1629 1569 1703 1627 de

131 1668 437 1725 Maximo?
494 1686 737 1742 quorum
779 1686 895 1723 non
945 1667 1004 1724 in
1051 1666 1336 1725 sententie
1364 1665 1568 1737 solum,
1599 1666 1701 1723 sed

131 1766 307 1822 etiam
353 1765 411 1821 in
453 1774 615 1836 nutu,
644 1765 933 1821 residebat
974 1764 1299 1821 auotoritas,
1386 1762 1580 1821 Habet
1619 1782 1704 1821 se-
1733 1766 1792 1817 15

130 1872 360 1932 nectus,
419 1862 695 1918 honorata
747 1862 1082 1936 praesertim,
1126 1870 1343 1917 tantam
1401 1860 1704 1917 auetorita-

129 1969 269 2030 tem,
299 1968 365 2015 ut
392 1976 463 2015 ea
488 1958 665 2033 pluris
714 1958 805 2029 sit,
848 1977 1017 2032 quam
1057 1975 1258 2014 omnes
1301 1955 1700 2013 adolescentiae

129 2056 467 2130 voluptates.

208 2246 441 2306 XVIII.
526 2249 664 2319 Sed,
706 2248 765 2305 in
808 2248 965 2304 omni
1014 2247 1290 2316 oratione,
1335 2255 1698 2317 mementote,

130 2364 259 2401 eam
316 2363 411 2400 me
449 2343 685 2401 laudare
728 2354 1105 2415 senectutem,
1149 2362 1275 2417 quae
1317 2342 1700 2399 fundamentis
1728 2344 1792 2394 20

130 2441 540 2498 adolescentiae
584 2441 891 2497 constituta
932 2440 1041 2497 sit:
1087 2459 1158 2497 ex
1199 2459 1312 2513 quo
1351 2440 1408 2496 id
1437 2438 1698 2509 efficitur,

132 2536 317 2614 (quod
348 2555 459 2612 ego
499 2554 709 2612 magno
748 2536 1033 2610 quondam
1075 2554 1206 2593 oum
1251 2554 1482 2593 assensu
1523 2534 1703 2592 omni-

130 2653 227 2690 urn
259 2632 408 2712 dixi)
439 2633 707 2689 miseram
747 2650 873 2689 esse
900 2642 1276 2703 senectutem,
1303 2652 1430 2706 quae
1473 2650 1537 2687 se
1579 2647 1702 2686 ora·-

127 2729 291 2785 tione
320 2728 670 2786 defenderet.
756 2728 891 2786 Non
922 2728 1076 2799 cani,
1107 2748 1221 2785 non
1262 2746 1438 2803 rugae,
1467 2732 1701 2799 repente

131 2824 537 2882 auctoritatem
568 2824 815 2899 arripere
840 2833 1112 2899 possunt:
1155 2824 1254 2879 sed
1297 2823 1532 2879 honeste
1573 2826 1704 2874 aeta
1727 2820 1791 2871 25

129 2921 394 2997 superior
450 2930 587 2977 aetas
642 2921 863 2979 fruetus
919 2920 1076 2995 capit
1117 2916 1476 3013 auetoritatis
1519 2923 1703 2973 extre-

129 3036 273 3077 mos.

528 3108 617 3167 4*
