2084 3517
464 333 735 393 LAELmS,
772 334 921 381 stvn
959 333 1046 379 nn
1083 332 1397 381 amoma.
1714 318 1794 380 69

141 481 517 557 disputatum,
548 481 819 539 affuisses.
900 480 1110 542 Qualis
1135 490 1258 539 tum
1286 490 1562 557 patronus
1595 478 1712 556 jus-

140 578 283 635 titiae
315 577 423 636 suit
451 587 657 636 contra
684 588 1009 636 accuratam
1038 578 1354 635 orationem
1379 576 1562 636 Phili!

214 672 508 731 Fannius.
581 672 781 731 Facile
809 673 868 730 id
895 672 1124 749 quidem
1147 673 1272 745 fuit,
1293 673 1572 750 justitiam
1593 672 1712 751 jus-

135 769 367 827 tissimo
395 769 518 827 viro
546 769 869 828 defendere.

216 866 496 925 Scoevola.
578 866 747 928 Quid
788 866 1151 924 amicitiam?
1192 883 1386 923 nonne
1425 866 1592 925 facile
1631 866 1708 939 ei,
1732 869 1767 919 ὅ

136 964 237 1039 qui
278 963 357 1021 ob
402 982 531 1021 eam
556 963 781 1039 pumma
826 963 959 1034 fide,
996 960 1343 1033 constantia,
1379 961 1709 1039 justitiAque

137 1069 449 1133 servatam,
476 1059 781 1119 maximam
810 1059 1050 1137 gloriam
1079 1059 1336 1135 ceperit?

216 1252 390 1311 VIII.
473 1252 709 1312 Loelius.
789 1252 927 1311 Vim
966 1254 1080 1312 hoc
1117 1254 1348 1331 quidem
1375 1262 1463 1311 est
1491 1250 1707 1311 afferre.

134 1349 308 1410 Quid
330 1348 488 1406 enim
508 1349 698 1421 refert,
716 1349 829 1425 qua
848 1368 941 1405 me
962 1349 1186 1407 ratione
1205 1350 1460 1427 cogatis?
1501 1348 1712 1427 cogitis

137 1456 320 1503 certe.
406 1445 627 1504 studiis
653 1445 807 1501 enim
835 1462 1194 1521 generorum,
1219 1445 1534 1521 praesertim
1560 1445 1622 1501 in
1649 1462 1712 1501 re
1737 1447 1799 1497 10

139 1542 319 1614 bona,
354 1560 489 1599 cum
524 1540 757 1599 difficile
797 1550 903 1613 est,
934 1550 1060 1598 tum
1097 1558 1173 1597 ne
1213 1558 1436 1615 aequum
1461 1539 1711 1616 quidem,

139 1638 441 1695 obsistere.

221 1733 555 1808 Saepissime
594 1731 768 1809 igitur
806 1732 969 1803 mihi,
1002 1731 1078 1787 de
1119 1730 1374 1788 amicitia
1412 1728 1710 1808 cogitanti,

142 1828 394 1886 maxime
436 1828 577 1885 illud
619 1827 1102 1885 considerandum
1138 1827 1316 1883 videri
1357 1826 1519 1898 solet,
1552 1844 1712 1898 num,

140 1935 379 2001 propter
406 1923 858 1982 imbecillitatem
894 1933 1064 1997 atque
1091 1923 1364 1997 inopiam,
1394 1921 1718 1979 desiderata
1740 1930 1802 1979 15

142 2022 219 2079 sit
262 2020 550 2091 amicitia;
607 2029 691 2091 ut,
733 2018 939 2076 dandis
976 2017 1436 2092 recipiendisque
1475 2016 1714 2088 meritis,

144 2118 303 2191 quod
326 2117 567 2191 quisque
586 2115 779 2177 minus
800 2133 904 2189 per
932 2132 993 2170 se
1023 2114 1146 2188 ipse
1169 2120 1383 2188 posset,
1405 2111 1465 2168 id
1495 2111 1718 2187 accipe-

141 2223 233 2271 ret
277 2213 350 2270 ab
392 2211 521 2284 alio,
555 2211 921 2285 vicissimque
960 2209 1225 2267 redderet
1241 2228 1256 2278 3
1302 2226 1374 2265 an
1413 2218 1563 2265 esset
1602 2207 1718 2267 hoc

142 2308 382 2384 quidem
426 2307 720 2383 proprium
776 2304 1090 2375 amicitiae3
1153 2304 1254 2362 sed
1303 2303 1608 2379 antiquior,
1655 2312 1716 2362 et

142 2404 463 2481 pulchrior,
498 2414 556 2461 et
591 2402 775 2479 magis
818 2421 853 2460 a
887 2402 1096 2459 natura
1137 2400 1260 2477 ipsa
1296 2401 1576 2477 prosecta,
1606 2401 1718 2460 alia
1739 2408 1804 2460 2⁰

146 2520 342 2560 causa..
426 2500 605 2559 Amor
646 2499 802 2557 enim
840 2496 942 2575 (ex
972 2516 1088 2571 quo
1117 2497 1368 2556 amicitia
1391 2497 1712 2575 nominata)

144 2597 419 2673 princeps
466 2606 553 2653 est
602 2596 673 2653 ad
720 2594 1181 2651 benevolentiam
1235 2593 1714 2670 conjungendam.

145 2692 207 2751 N
212 2712 305 2751 am
333 2692 609 2751 utilitates
636 2691 869 2766 quidem
896 2691 1072 2748 etiam
1113 2691 1182 2747 ab
1219 2689 1288 2746 iis
1321 2688 1718 2765 percipiuntur

146 2808 320 2864 saepe,
343 2788 441 2864 qui
469 2788 833 2846 simulatione
862 2786 1130 2844 amicitiae
1151 2784 1416 2841 coluntur
1443 2790 1502 2837 et
1528 2780 1720 2836 obser-

146 2896 353 2943 vantur
388 2884 564 2942 causa
594 2883 869 2957 temporis
893 2903 905 2939 :
950 2882 1009 2939 in
1055 2879 1307 2937 amicitia
1337 2886 1546 2947 autem,
1573 2872 1716 2932 nihil
1741 2889 1805 2940 25

146 2982 371 3054 fictum,
400 2980 542 3039 nihil
572 2978 934 3037 simulatum:
976 2985 1057 3049 et,
1085 2972 1360 3050 quidquid
1400 2972 1461 3030 in
1500 2971 1573 3031 ea
1609 2980 1716 3047 est,

150 3078 212 3136 id
238 3087 329 3137 est
354 3092 552 3135 verum
580 3083 640 3132 et
664 3072 1068 3133 voluntarium.
