2084 3517
298 312 381 373 50
888 326 1068 373 caro
1107 326 1340 383 moa,
1365 326 1496 374 ssu

394 492 620 535 morum
647 476 1029 549 disseruisset,
1061 477 1128 550 is,
1158 478 1258 552 qui
1305 488 1458 535 met
1512 476 1773 534 omnium
1823 475 1976 553 sapi·

394 573 723 631 entissimus
762 575 999 633 oraculo
1042 575 1336 650 Apollinis
1369 575 1680 651 judicatus.
1801 573 1974 635 Quid

394 670 615 727 multa?
660 670 764 727 Sic
792 671 935 728 mihi
970 671 1252 747 persuasi,
1281 672 1367 728 sic
1393 671 1602 742 senti0,
1631 689 1766 727 cum
1809 681 1973 727 tanta

394 765 659 823 celeritas
702 767 1023 825 animorum
1063 767 1156 839 sit,
1197 776 1360 825 tanta
1399 766 1678 823 memoria
1713 766 1972 842 prateri-

330 878 365 927 5
394 872 605 935 torum,
635 863 1070 939 futurorumque
1107 864 1446 939 prudentia,
1475 873 1562 921 tot
1591 873 1762 934 artes,
1791 872 1968 921 tantas

394 959 669 1031 scientiae,
710 971 799 1018 tot
844 961 1095 1032 inventa,
1137 979 1256 1017 non
1295 980 1466 1036 posse
1507 978 1636 1017 eam
1675 970 1966 1030 naturam,

394 1075 520 1131 quae
548 1076 640 1114 res
680 1076 779 1115 eas
820 1058 1136 1128 contineat,
1165 1076 1294 1113 esse
1334 1057 1666 1115 mortalem:
1713 1073 1968 1131 cumque

397 1172 621 1228 semper
665 1155 910 1230 agitetur
953 1154 1198 1224 animm,
1227 1172 1341 1210 nec
1377 1151 1728 1229 principium
1771 1152 1964 1209 motiis

393 1249 619 1321 habeat,
649 1250 787 1324 quia
826 1269 888 1307 se
928 1250 1052 1325 ipse
1091 1261 1356 1320 moveat3
1397 1269 1474 1307 ne
1513 1250 1690 1307 finem
1729 1248 1965 1323 quidem

300 1348 361 1397 10
393 1345 721 1405 habiturum
748 1366 874 1405 esse
902 1348 1113 1418 motus,
1144 1347 1280 1421 quia
1319 1366 1612 1421 nunquam
1643 1365 1706 1403 se
1736 1348 1862 1421 ipse
1889 1346 1966 1402 sit

392 1443 733 1501 relicturus:
776 1454 855 1516 et,
886 1463 1019 1501 cum
1061 1444 1302 1519 simplex
1339 1443 1516 1500 animi
1557 1454 1764 1501 natura
1791 1452 1962 1513 esset,

391 1560 579 1615 neque
608 1542 843 1598 haberet
872 1541 931 1598 in
960 1560 1021 1597 se
1064 1541 1376 1615 quidquam
1417 1540 1730 1597 admixtum
1771 1539 1964 1614 dispar

391 1636 480 1693 sui
506 1647 671 1711 atque
700 1637 995 1708 dissimile,
1026 1656 1144 1694 non
1172 1656 1342 1711 posse
1369 1655 1502 1694 eum
1529 1636 1742 1704 dividi3
1803 1635 1958 1709 quod

392 1731 441 1787 si
468 1750 583 1788 non
610 1732 808 1806 possit,
838 1750 956 1789 non
983 1750 1154 1806 posse
1175 1732 1443 1789 interire:
1488 1750 1814 1808 magnoque
1835 1748 1964 1787 esse

300 1829 362 1879 15
396 1838 753 1902 argumentO,
800 1827 1064 1884 homines
1093 1828 1241 1884 scire
1293 1829 1568 1903 pleraque
1615 1838 1748 1884 ante
1789 1846 1964 1901 quam

392 1922 513 1981 nati
562 1923 693 1994 sint,
734 1908 883 1997 quod
936 1924 1056 2000 jam
1097 1925 1284 1999 pueri,
1329 1942 1465 1981 cum
1509 1935 1659 1981 artes
1701 1924 1964 1981 difficiles

393 2019 636 2092 discant,
667 2021 747 2079 ita
768 2021 1033 2078 celeriter
1062 2040 1154 2077 res
1182 2021 1636 2078 innumerabiles
1663 2020 1962 2095 arripiant,
2042 2028 2043 2039 ¹

390 2128 455 2175 ut
482 2138 579 2175 eas
606 2137 724 2175 non
754 2128 875 2175 tum
914 2118 1166 2193 primum
1195 2118 1462 2192 accipere
1503 2117 1829 2189 videantur,
1863 2116 1960 2174 sed

391 2213 685 2271 reminisci
714 2223 774 2271 et
799 2214 1106 2272 recordari.
1188 2214 1338 2271 Haec
1367 2214 1530 2271 Plato
1557 2223 1770 2271 noster.

296 2404 361 2455 2⁰
468 2403 673 2463 XXII.
756 2407 933 2483 Apud
979 2407 1430 2484 Xenophontem
1472 2418 1683 2478 autem,
1713 2406 1962 2465 moriens

390 2499 579 2576 Cyrus
625 2502 805 2578 major
855 2503 977 2561 haec
1022 2504 1203 2561 dicit:
1281 2503 1541 2561 “Nolite
1589 2503 1873 2575 arbitrari,
1926 2521 1962 2559 o

390 2597 532 2655 mihi
554 2598 835 2656 carissimi
862 2599 985 2672 filii,
1028 2620 1142 2673 me,
1173 2618 1304 2659 cum
1349 2620 1384 2657 a
1421 2600 1583 2658 vobis
1623 2600 1958 2671 discessero,

390 2714 671 2769 nusquam
700 2705 797 2753 aut
823 2696 1046 2753 nullum
1069 2697 1204 2754 fore.
1288 2697 1348 2754 N
1351 2716 1424 2753 ec
1451 2696 1628 2768 enim,
1647 2696 1785 2753 dum
1807 2714 1961 2753 eram

390 2790 709 2862 vobiscum,
756 2792 1010 2849 animum
1055 2812 1248 2851 meum
1305 2793 1620 2863 videbatis3
1681 2792 1783 2849 sed
1831 2810 1960 2849 eum

297 2898 361 2947 25
392 2905 517 2945 esse
545 2888 605 2944 in
635 2887 747 2945 hoc
775 2906 1037 2964 corpore,
1069 2907 1141 2946 ex
1181 2889 1252 2947 iis
1293 2892 1466 2947 rebus
1493 2908 1635 2965 quas
1673 2889 1960 2965 gerebam,

393 2980 816 3061 intelligebatis.
948 2984 1218 3042 Eundem
1267 2986 1443 3063 igitur
1491 3004 1618 3044 esse
1661 2984 1960 3057 creditote,

394 3076 565 3135 etiam
606 3080 655 3135 si
696 3081 917 3141 nullum
960 3081 1243 3144 videbitis.
1325 3081 1386 3141 N
1389 3100 1462 3140 ec
1499 3101 1638 3140 vero
1677 3080 1962 3140 clarorum
