2084 3517
467 297 742 358 LAELIUS,
778 297 928 344 srvu
971 297 1061 346 m:
1099 296 1414 344 AmcmA.
1752 289 1833 348 57

155 465 194 506 a
221 444 508 524 patribus,
535 445 784 504 maxime
821 445 1250 504 memorabilem
1277 445 1345 504 C.
1375 442 1543 503 Laelii
1579 454 1637 504 et
1670 445 1734 505 P.

153 543 460 621 Scipionis
488 542 933 602 familiaritatem
961 542 1153 615 fuisse,
1178 543 1389 602 idonea
1406 541 1549 602 mihi
1571 541 1737 603 Laelii

149 659 410 719 persona
424 640 550 698 visa
561 650 666 711 est,
680 659 806 715 quae
824 639 897 720 de
915 639 1169 698 amicitis.
1186 658 1259 698 ea
1272 640 1395 716 ipsa
1410 641 1735 712 dissereret,

153 757 291 815 quae
316 737 608 814 disputata
635 737 706 794 ab
734 754 806 795 eo
833 734 1193 794 meminisset
1222 737 1498 795 Scaevola.

240 833 442 892 Genus
464 842 652 892 autem
682 833 796 892 hoc
821 849 1172 904 sermonum,
1193 833 1441 908 positum
1470 833 1529 892 in
1557 833 1740 892 homi-
1766 853 1801 901 5

158 950 300 990 num
343 939 598 988 veterum
647 929 1006 1002 auctoritate,
1060 939 1118 988 et
1164 947 1365 988 eorum
1412 928 1734 1003 illustrium,

156 1027 308 1104 plus,
337 1025 540 1084 nescio
570 1044 684 1102 quo
713 1035 904 1102 pacto,
936 1026 1159 1085 videtur
1186 1026 1399 1084 habere
1426 1025 1734 1102 gravitatis.

160 1123 366 1199 Itaque
401 1122 544 1199 ipse,
571 1141 704 1182 mea
726 1123 946 1200 legens,
975 1123 1063 1182 sic
1092 1123 1310 1182 afficior
1338 1122 1645 1195 interdum,
1676 1133 1739 1181 ut

162 1220 470 1294 Catonem,
513 1239 631 1278 non
684 1239 796 1293 me,
843 1220 1001 1297 loqui
1054 1221 1392 1280 existimem.
1490 1221 1629 1293 Sed,
1672 1231 1736 1278 ut

161 1327 284 1376 tum
323 1317 396 1376 ad
433 1335 630 1375 senem
659 1335 836 1374 senex
875 1317 948 1374 de
987 1327 1305 1389 senectute,
1334 1317 1420 1375 sic
1448 1317 1561 1376 hoc
1588 1317 1737 1374 libro
1768 1325 1832 1374 10

163 1413 234 1472 ad
299 1413 553 1472 amicum
619 1413 1004 1473 amicissimus
1064 1413 1136 1470 de
1199 1412 1455 1492 amicitis
1514 1411 1734 1486 scripsi.

162 1510 320 1570 Tum
349 1519 436 1568 est
465 1509 615 1568 Cato
641 1509 892 1580 locuturi,
915 1527 1026 1583 quo
1054 1517 1177 1566 erat
1202 1525 1375 1566 nemo
1404 1507 1523 1564 fere
1550 1506 1739 1565 senior

162 1606 517 1683 temporibus
545 1604 679 1678 illis,
708 1622 880 1663 nemo
905 1603 1241 1680 prudentior
1266 1623 1279 1662 ε
1320 1621 1479 1662 nunc
1506 1602 1737 1676 Laelius,

163 1713 220 1762 et
265 1701 497 1779 sapiens
542 1699 658 1779 (sic
703 1700 860 1760 enim
907 1711 993 1758 est
1041 1700 1321 1782 habitus),
1364 1710 1429 1770 et,
1472 1699 1739 1760 amicitiae

161 1799 349 1878 gloria
389 1798 698 1871 excellens,
741 1798 814 1856 de
855 1797 1113 1858 amiciti&
1152 1797 1419 1874 loquitur.
1501 1797 1621 1870 Tu,
1651 1817 1741 1855 ve-
1772 1815 1833 1865 15

161 1895 283 1969 lim,
329 1894 584 1952 animum
623 1914 660 1954 a
695 1914 788 1954 me
826 1914 1131 1971 parumper
1174 1904 1435 1963 avertas3
1493 1893 1739 1952 Laelium

159 1991 320 2069 loqui
349 1991 538 2068 ipsum
564 2001 748 2066 putes.
829 1991 898 2048 C.
929 1991 1190 2048 Fannius
1216 1999 1275 2046 et
1299 1989 1380 2051 Q.
1404 1988 1641 2046 Mucius
1670 1989 1741 2046 ad

163 2107 434 2147 socerum
473 2088 709 2144 veniunt
746 2097 878 2162 post
916 2096 1159 2144 mortem
1201 2084 1500 2142 Africani:
1546 2085 1617 2142 ab
1653 2083 1743 2141 his

161 2203 355 2244 sermo
382 2182 598 2242 oritur:
639 2183 948 2258 respondet
982 2181 1227 2252 Loelius3
1272 2181 1437 2257 cujus
1476 2190 1595 2240 tota
1632 2181 1744 2238 dis-

162 2280 387 2358 putatio
429 2289 516 2338 est
555 2280 628 2338 de
671 2279 946 2352 amicitiai,
975 2297 1146 2355 quam
1178 2279 1379 2356 legens
1419 2288 1483 2337 tu
1520 2288 1579 2337 te
1620 2261 1743 2358 ipse
1772 2293 1837 2344 20

166 2395 507 2456 cognosces

244 2569 328 2629 II.
410 2569 693 2628 Fannius.
781 2571 930 2628 Sunt
983 2569 1113 2643 ista,
1168 2569 1355 2629 Laeli:
1423 2589 1537 2628 nec
1589 2567 1743 2626 enim

167 2666 372 2725 melior
407 2667 493 2724 vir
533 2666 642 2725 fuit
681 2666 962 2728 Africano
1002 2667 1322 2743 quisquam,
1363 2685 1476 2726 nec
1516 2662 1742 2722 clarior.

169 2763 292 2822 Sed
320 2763 647 2822 existimare
675 2763 870 2834 debes,
899 2763 1155 2822 omnium
1184 2764 1385 2822 oculos
1421 2762 1481 2819 in
1520 2769 1579 2817 te
1618 2775 1746 2815 esse

170 2859 506 2937 conjectos:
555 2879 736 2918 unum
781 2869 839 2918 te
885 2859 1205 2935 sapientem
1250 2869 1309 2918 et
1358 2854 1643 2932 appellant
1688 2864 1748 2912 et
1778 2865 1843 2916 25

170 2957 520 3016 existimant.
601 2956 995 3016 Tribuebatur
1029 2955 1144 3012 hoc
1176 2955 1351 3014 modo
1380 2951 1465 3010 Μ.
1496 2950 1708 3010 Catoni
1732 2971 1745 3009 :

171 3053 412 3128 seimus,
443 3051 514 3112 L.
541 3051 790 3112 Atilium
831 3052 982 3130 apud
1019 3061 1213 3128 patres
1250 3057 1479 3108 nostros
1506 3048 1751 3126 appelln-
