2084 3517
292 292 371 355 7¹2
688 302 963 359 muns,
995 302 1143 348 sivi:
1181 301 1270 347 nr:
1306 300 1624 347 amoma.

380 449 521 509 tiam
586 450 962 509 consuetudo.
1077 450 1213 521 Sed,
1281 466 1604 524 quanquam
1670 448 1959 507 utilitates

378 548 571 609 multae
629 557 688 605 et
746 566 969 626 magnae
1030 556 1358 604 consecutae
1419 556 1571 618 sunt,
1631 564 1754 602 non
1817 555 1959 603 sunt

380 656 570 703 tamen
612 645 683 701 ab
724 663 921 703 earum
960 662 1062 719 spe
1104 663 1292 701 causae
1334 643 1613 719 diligendi
1649 629 1954 718 profectae.

456 740 535 799 Ut
572 741 727 798 enim
766 740 1012 798 benefici
1055 740 1432 814 liberalesque
1477 757 1691 810 sumne,
1721 758 1844 795 non
1889 748 1958 796 ut

315 852 351 903 5
379 836 673 914 exigamus
698 838 941 914 gratiam
970 836 1186 914 (neque
1215 836 1370 894 enim
1397 835 1745 893 beneficium
1775 836 1957 892 foene-

376 934 618 1015 remur),
678 934 780 992 sed
832 934 1039 991 natura
1090 932 1362 1009 propensi
1419 932 1488 989 ad
1542 932 1956 989 liberalitatem

376 1050 601 1101 sumus3
638 1031 725 1087 sic
752 1030 1086 1100 amicitiam,
1103 1049 1222 1087 non
1251 1048 1351 1105 spe
1377 1029 1661 1085 mercedis
1691 1029 1952 1100 adducti,

377 1128 479 1185 sed
507 1128 659 1202 quod
688 1127 875 1184 omnis
902 1126 1025 1202 ejus
1064 1126 1284 1183 fructus
1311 1126 1372 1183 in
1400 1126 1524 1201 ipso
1553 1144 1750 1183 amore
1777 1125 1954 1197 inest,

377 1222 753 1298 expetendam
778 1233 1060 1297 putamus,

286 1330 349 1383 10
454 1319 551 1377 Ab
578 1319 667 1391 iis,
694 1319 793 1393 qui
820 1319 1107 1393 pecudum
1135 1319 1250 1375 ritu
1278 1318 1350 1375 ad
1376 1318 1727 1393 voluptatem
1755 1318 1956 1374 omnia

376 1417 650 1488 referunt,
690 1417 861 1493 longe
900 1416 1306 1473 dissentimus:
1357 1434 1470 1472 nec
1509 1416 1754 1473 mirum:
1805 1414 1953 1472 nihil

376 1513 533 1571 enim
560 1513 756 1584 altum,
784 1512 927 1570 nihil
957 1513 1328 1589 magnificum
1369 1531 1436 1569 ac
1465 1512 1742 1583 divinum,
1771 1511 1950 1587 suspi-

376 1626 511 1667 cere
539 1618 799 1684 possunt,
829 1610 927 1683 qui
968 1628 1102 1667 suas
1141 1628 1342 1665 omnes
1383 1608 1768 1685 cogitationes
1800 1608 1956 1683 abje-

376 1714 581 1761 cerunt
602 1703 661 1759 in
684 1722 805 1760 rem
824 1714 940 1761 tam
962 1704 1259 1775 humilem,
1285 1716 1516 1779 tamque
1539 1714 1951 1779 contemptam.

284 1813 349 1863 15
374 1798 791 1871 Quamobrem,
822 1800 927 1857 hos
954 1800 1187 1873 quidem
1227 1801 1298 1856 ab
1329 1800 1444 1856 hoc
1471 1818 1738 1857 sermone
1765 1818 1954 1857 remo-

375 1914 650 1953 veamus:
707 1894 815 1970 ipsi
857 1905 1048 1952 autem
1090 1896 1498 1972 intelligamuS,
1539 1897 1745 1953 natura
1787 1896 1952 1973 gigni
2048 1922 2049 1937 ¹

375 2010 608 2051 sensum
672 1992 971 2069 diligendi,
1032 2002 1092 2049 et
1151 1993 1564 2050 benevolentiae
1623 1994 1949 2065 caritatem,
2048 1978 2049 2003 ³

376 2088 531 2147 facta
558 2089 981 2166 significatione
1007 2090 1346 2165 probitatis;
1390 2108 1558 2164 quam
1595 2090 1693 2164 qui
1733 2090 1953 2165 appeti·
2048 2080 2049 2089 ¹

375 2195 597 2257 verunt,
622 2186 909 2261 applicant
936 2204 1082 2256 sese,
1107 2195 1164 2242 et
1189 2186 1422 2261 propius
1451 2186 1775 2257 admovent,
1799 2196 1865 2243 ut
1893 2197 1951 2243 et
2048 2230 2049 2241 ,

282 2292 347 2345 20
375 2298 485 2337 usu
518 2280 661 2354 ejus,
702 2299 874 2354 quem
922 2280 1164 2356 diligere
1204 2290 1522 2355 coeperunt,
1568 2281 1852 2353 fruantur,
1895 2292 1952 2339 et
2048 2286 2049 2349 g

374 2375 669 2446 moribus;
712 2376 939 2451 sintque
978 2396 1146 2451 pares
1187 2376 1248 2433 in
1291 2396 1503 2449 amore,
1545 2387 1604 2434 et
1653 2380 1946 2453 aequales3

372 2472 881 2548 propensioresque
936 2473 1007 2530 ad
1057 2475 1206 2529 bene
1252 2475 1606 2545 merendum,
1651 2494 1725 2549 qu
1733 2494 1825 2532 am
1879 2476 1949 2533 ad
2048 2514 2049 2547 ξ

374 2569 787 2643 reposcendum
818 2588 832 2625 :
884 2578 1052 2643 atque
1093 2569 1220 2626 haec
1261 2569 1407 2626 inter
1449 2588 1550 2626 eos
1591 2570 1665 2627 sit
1706 2572 1951 2629 honesta

376 2663 633 2723 certatio.
717 2664 821 2721 Sic,
860 2673 917 2721 et
957 2665 1234 2723 utilitates
1275 2684 1348 2721 ex
1388 2666 1646 2723 amicitia
1681 2668 1948 2725 maximae
2048 2648 2049 2721 ἶ

280 2768 347 2819 25
378 2760 710 2836 capientur3
753 2770 811 2818 et
842 2761 951 2819 erit
979 2761 1104 2837 ejus
1129 2770 1290 2819 ortus
1331 2782 1366 2819 a
1403 2763 1630 2835 natura,
1658 2782 1833 2837 quam
1878 2765 1948 2821 ab
2048 2754 2049 2767 ¹

376 2855 790 2928 imbecillitate,
844 2868 903 2913 et
962 2858 1188 2934 gravior
1255 2867 1314 2915 et
1378 2858 1581 2916 verior.
1663 2858 1842 2932 Nam,
1899 2860 1947 2918 si
2048 2892 2049 2895 ¹

376 2951 593 3010 utilitas
640 2953 921 3012 amicitias
960 2954 1405 3031 conglutinaret,
1448 2956 1652 3011 eadem
1691 2974 1950 3013 commu·

376 3052 497 3103 tata
534 3048 899 3108 dissolveret:
962 3049 1086 3121 sed,
1139 3050 1276 3125 quia
1327 3060 1534 3109 natura
1572 3051 1782 3109 mutari
1829 3070 1948 3109 non
