2084 3517
289 306 372 366 98
704 310 980 376 mame,
1015 318 1165 365 srvn
1204 316 1293 366 nn
1330 317 1646 366 Amen-u.

377 464 441 538 ii,
486 463 585 541 qui
643 485 706 524 se
749 474 905 523 totos
957 467 1319 526 tradiderunt
1370 467 1779 544 voluptatibus,
1832 464 1969 526 sine

379 562 636 620 amicitia
689 562 864 620 vitam
911 582 1039 621 esse
1092 564 1310 622 nullam
1356 564 1629 636 sentiunt,
1680 563 1730 621 si
1782 565 1967 623 modo

375 659 552 716 velint
580 658 772 734 aliqua
812 678 884 717 ex
919 671 1085 736 parte
1122 660 1432 718 liberaliter
1474 661 1679 718 vivere.
1764 663 1967 738 Serpit

375 755 551 827 enim,
599 757 800 814 nescio
844 759 1155 832 quomod0,
1182 776 1284 833 per
1328 759 1589 815 omnium
1630 757 1777 815 vitas
1822 759 1968 816 ami-

311 859 346 909 5
375 853 544 924 citia3
589 873 701 912 nec
721 853 898 912 ullam
925 855 1111 912 aetatis
1137 853 1414 932 degendae
1442 854 1725 912 rationem
1744 855 1965 931 patitur

371 969 499 1009 esse
525 963 816 1030 expertem
843 951 951 1010 sui.

449 1048 813 1120 Quinetiam,
835 1047 886 1105 si
907 1047 1038 1123 quis
1064 1047 1136 1105 ea
1158 1047 1460 1128 asperitate
1480 1055 1587 1119 est,
1610 1056 1671 1105 et
1694 1047 1965 1106 immani-

371 1154 488 1203 tate
514 1156 753 1217 naturae,
783 1163 1128 1222 congressus
1164 1153 1231 1201 ut
1258 1144 1557 1202 hominum
1584 1143 1769 1220 fugiat
1788 1154 1967 1222 atque

371 1241 560 1298 oderit
597 1239 852 1318 (qualem
895 1240 1073 1298 fuisse
1114 1239 1365 1298 Athenis
1404 1239 1713 1298 Timonem
1756 1242 1965 1300 nescio

281 1342 343 1392 1⁰
373 1355 544 1414 quem
590 1337 986 1417 accepimus);
1027 1347 1223 1396 tamen
1266 1336 1317 1394 is
1342 1336 1462 1413 pati
1504 1354 1623 1394 non
1648 1337 1854 1412 possit,
1898 1347 1965 1394 ut

372 1454 489 1493 non
521 1435 784 1509 anquirat
826 1434 1097 1509 aliquem,
1129 1433 1279 1510 apud
1326 1451 1497 1509 quem
1538 1443 1770 1490 evomat
1801 1433 1963 1492 virus

375 1531 706 1589 acerbitatis
733 1551 868 1589 suae.
951 1531 1147 1606 Atque
1174 1531 1287 1588 hoc
1308 1529 1553 1587 maxime
1575 1529 1962 1606 judicaretur,

373 1629 424 1684 si
451 1628 587 1702 quid
607 1628 723 1685 tale
744 1638 936 1703 posset
964 1628 1323 1704 contingere,
1346 1636 1411 1684 ut
1437 1626 1641 1702 aliquis
1668 1645 1778 1684 nos
1796 1626 1964 1686 Deus

373 1741 446 1779 ex
473 1723 584 1779 hac
612 1723 913 1780 hominum
941 1723 1265 1796 frequentia
1292 1722 1539 1793 tolleret,
1567 1732 1625 1780 et
1664 1722 1725 1780 in
1760 1723 1965 1782 solitu-

281 1828 343 1877 15
377 1818 512 1875 dine
565 1817 788 1892 uspiam
849 1815 1183 1890 collocaret,
1234 1829 1403 1894 atque
1449 1819 1533 1876 ibi
1586 1819 1963 1895 suppeditans

375 1914 634 1973 omnium
687 1932 900 1987 rerum,
963 1934 1107 1990 quas
1166 1925 1375 1973 natura
1426 1915 1734 1988 desiderat,
1782 1917 1961 1977 abun-

375 2013 640 2086 dantiam,
660 2022 719 2070 et
746 2013 994 2088 copiam,
1024 2011 1275 2070 hominis
1316 2012 1554 2070 omnino
1596 2012 1957 2088 adspiciendi

372 2120 716 2185 potestatem
738 2109 1000 2184 eriperet.
1080 2108 1238 2170 Quis
1262 2118 1379 2166 tam
1408 2119 1558 2166 esset
1587 2108 1829 2182 ferreus,
1860 2110 1957 2184 qui

373 2225 502 2264 eam
531 2207 705 2264 vitam
732 2206 880 2264 ferre
905 2216 1121 2282 posset,
1150 2205 1360 2280 cuique
1386 2225 1502 2264 non
1532 2204 1782 2263 auferret
1809 2206 1957 2265 fruc-

278 2309 344 2358 20
373 2312 497 2360 tum
524 2303 878 2378 voluptatum
906 2303 1167 2360 omnium
1194 2302 1483 2360 solitudo?
2055 2295 2056 2318 ³

454 2397 674 2454 Verum
703 2417 845 2476 ergo
881 2398 1022 2456 illud
1064 2409 1169 2472 est,
1200 2399 1373 2474 quod,
1406 2418 1439 2456 a
1484 2399 1811 2456 Tarentino
1849 2401 1957 2457 Ar-

377 2493 552 2570 chyta
609 2493 702 2573 (ut
755 2495 988 2576 opinor)
1031 2495 1152 2554 dici
1205 2495 1457 2568 solitum,
1506 2506 1734 2553 nostros
1786 2515 1956 2554 senes
2055 2571 2056 2578 ἵ

375 2609 828 2650 commemorare
859 2592 1070 2664 audivi,
1102 2592 1175 2650 ab
1216 2592 1343 2650 aliis
1382 2591 1618 2650 senibus
1656 2593 1953 2650 auditum:
2055 2581 2056 2586 ¹

375 2695 414 2722 “
439 2688 506 2747 Si
531 2688 680 2766 -qu'rs
727 2687 788 2745 in
837 2687 1047 2746 coelum
1104 2688 1518 2760 adscendisset,
1574 2699 1958 2764 naturamque

277 2801 342 2850 25
373 2785 576 2842 mundi
621 2794 682 2842 et
722 2784 1214 2861 pulchritudinem
1256 2785 1509 2843 siderum
1551 2786 1955 2862 perspexisset,
2055 2815 2056 2832 2

375 2881 670 2939 insuavem
719 2881 874 2939 illam
931 2881 1367 2940 admirationem
1410 2881 1467 2940 ei
1510 2882 1653 2955 sore,
1692 2901 1819 2957 quae
1867 2881 1961 2958 ju-

361 2968 729 3036 cundissima
783 2979 1002 3050 fuisset,
1056 2976 1160 3058 [si]
1222 2978 1471 3056 aliquem
1524 2979 1621 3036 cui
1674 2989 1956 3050 narraret,

375 3071 722 3134 habuisset.''
806 3075 910 3135 Sic
955 3084 1163 3134 natura
1214 3075 1533 3134 solitarium
1578 3075 1723 3134 nihil
1766 3086 1959 3148 amat3
2055 3139 2056 3144 1
