2084 3517
674 291 784 372 nn*
800 325 1207 374 sensorum.
1738 313 1819 374 23

153 472 510 530 defecerint:
553 473 663 529 etsi
725 472 835 529 ista
891 473 1013 549 ipsa
1053 472 1305 532 defectio
1343 470 1551 530 virium
1594 472 1727 530 ado-

150 568 448 627 lescentiae
475 568 630 626 vitiis
657 569 900 627 efficitur
929 571 1153 645 saepius,
1182 588 1352 645 quam
1394 568 1724 627 senectutis,

151 665 499 724 Libidinosa
538 665 752 722 etenim
791 674 852 724 et
897 665 1285 742 intemperans
1338 664 1730 724 adolescentia

151 763 392 821 effetum
421 781 630 838 corpus
656 762 831 820 tradit
857 761 1160 820 senectuti.

231 859 426 934 Cyrus
453 858 705 933 quidem,
737 859 886 935 apud
915 858 1387 934 Xenophontem,
1416 877 1488 916 eo
1516 876 1728 916 sermo-
1756 875 1790 924 5

151 973 248 1027 ne,
281 973 456 1030 quem
493 955 746 1012 moriens
787 955 1006 1027 habuit,
1037 971 1171 1012 cum
1212 953 1519 1012 admodum
1554 973 1731 1012 senex

153 1060 328 1122 esset,
351 1061 526 1128 negat
553 1070 616 1108 se
635 1069 887 1126 unquam
909 1051 1157 1108 sensisse
1182 1057 1540 1108 senectutem
1568 1069 1730 1108 suam

152 1146 596 1205 imbecilliorem
624 1148 854 1220 factam,
897 1167 1069 1224 quam
1097 1147 1487 1206 adolescentia
1512 1147 1713 1204 fuisset

153 1242 288 1321 Ego
316 1243 384 1301 L.
414 1242 716 1301 Metellum
757 1245 1012 1317 memini,
1039 1263 1203 1320 puer,
1246 1243 1391 1322 (qui,
1423 1263 1555 1302 cum
1597 1263 1732 1319 qua-

153 1339 424 1397 driennio
450 1349 582 1415 post
610 1340 850 1398 alterum
879 1341 1245 1399 consulatum
1268 1341 1530 1416 pontifex
1553 1339 1732 1397 maxi-
1762 1346 1823 1395 10

83 1459 88 1464 ·
153 1455 286 1494 mus
313 1436 502 1494 factus
541 1446 712 1507 esset,
741 1437 940 1512 triginti
983 1448 1041 1494 et
1068 1437 1215 1492 duos
1258 1453 1438 1494 annos
1464 1435 1520 1492 ei
1546 1453 1733 1491 sacer-

155 1532 320 1590 dotio
367 1531 621 1612 praefuit)
672 1532 754 1588 ita
805 1531 974 1588 bonis
1027 1549 1155 1588 esse
1206 1530 1424 1587 viribus
1476 1539 1733 1588 extremo

157 1638 420 1705 tempore
449 1628 652 1700 aetatis,
681 1637 747 1684 ut
775 1627 1222 1685 adolescentiam
1250 1645 1369 1684 non
1396 1625 1730 1700 requireret.

156 1724 328 1783 Nihil
357 1743 597 1783 necesse
625 1735 712 1782 est
737 1724 880 1782 mihi
907 1725 980 1782 de
1007 1742 1101 1782 me
1130 1724 1254 1800 ipso
1282 1723 1507 1781 dicere:
1538 1742 1735 1799 quam-

158 1841 333 1896 quam
361 1831 450 1878 est
477 1821 534 1879 id
563 1821 795 1896 quidem
835 1821 1037 1894 senile,
1068 1821 1336 1897 aetatique
1362 1831 1569 1880 nostrae
1597 1839 1735 1879 con·
1764 1835 1827 1885 15

160 1918 404 1976 ceditur.

240 2110 319 2167 X.
401 2109 726 2182 Videtisne,
767 2120 832 2167 ut
873 2109 1024 2186 apud
1064 2108 1385 2167 Homerum
1426 2107 1737 2184 saepissime

159 2204 380 2264 Nestor
409 2205 482 2263 de
503 2205 810 2264 virtutibus
837 2205 956 2263 suis
980 2206 1297 2282 praedicet?
1324 2205 1553 2263 tertiam
1581 2204 1737 2263 enim

170 2301 294 2378 jam
347 2311 572 2360 aetatem
640 2300 940 2360 hominum
993 2301 1258 2360 vivebat:
1326 2320 1441 2360 nec
1492 2311 1617 2360 erat
1680 2301 1737 2360 ei

161 2399 496 2470 verendum,
551 2417 646 2471 ne,
701 2416 836 2456 vera
887 2399 960 2456 de
1027 2417 1091 2456 se
1154 2399 1496 2474 praedicans,
1564 2398 1737 2456 nimis
1764 2413 1834 2466 ω

161 2494 452 2552 videretur
494 2503 592 2552 aut
632 2494 884 2552 insolens
927 2504 1024 2552 aut
1061 2495 1288 2569 loquax.
1372 2493 1603 2553 Etenim
1646 2493 1739 2572 (ut

165 2591 246 2648 ait
313 2591 633 2671 Homerus)
699 2609 770 2648 ex
827 2591 951 2667 ejus
1016 2591 1219 2668 lingua
1284 2592 1453 2648 melle
1514 2591 1739 2650 dulcior

165 2685 383 2744 fluebat
411 2688 630 2757 orati03
661 2706 830 2762 quam
862 2688 933 2745 ad
961 2688 1299 2746 suavitatem
1334 2687 1507 2746 nullis
1534 2683 1741 2762 egebat

166 2782 428 2858 corporis
480 2784 729 2841 viribus:
797 2794 856 2842 et
921 2794 1115 2841 tamen
1170 2783 1288 2843 dux
1350 2783 1449 2841 ille
1498 2779 1741 2838 Graeciae

167 2895 451 2952 nusquam
492 2888 670 2954 optat,
700 2888 764 2937 ut
790 2879 992 2956 Ajacis
1033 2879 1251 2936 similes
1278 2879 1489 2936 habeat
1514 2875 1739 2948 decem,
1768 2879 1837 2930 25

171 2982 228 3031 at
267 2984 331 3034 ut
368 2973 431 3032 N
433 2975 670 3044 estoris3
715 2975 866 3050 quod
907 2975 956 3032 si
997 2975 1297 3048 acciderit,
1337 2991 1457 3031 non
1498 2971 1741 3046 dubitat,

171 3069 306 3144 quin
336 3070 497 3130 brevi
525 3069 710 3148 Troja
735 3070 810 3128 sit
843 3071 1111 3147 peritura.
