2084 3517
272 287 349 347 10
852 306 1028 353 CATO
1068 308 1300 368 imon,
1339 308 1465 356 sno

358 460 644 525 naturam,
666 452 943 529 optimam
960 454 1191 530 ducem,
1207 466 1502 532 tamquam
1517 455 1730 529 Deum,
1747 457 1947 533 sequi-

356 566 505 621 mur,
546 549 715 624 eique
753 570 1055 627 paremus:
1099 572 1134 610 a
1159 553 1292 628 quii,
1329 572 1449 611 non
1475 553 1786 615 verisimile
1825 564 1944 627 est,

355 663 493 701 cum
541 655 763 703 caeterae
805 656 997 723 partes
1034 649 1218 706 aetatis
1254 650 1404 706 bene
1447 650 1748 726 descriptae
1797 650 1942 723 sint,

358 751 677 799 extremum
706 752 919 816 actum,
948 753 1242 820 tamquam
1270 746 1342 803 ab
1383 746 1554 804 inerti
1581 746 1777 822 poeta,
1805 765 1944 803 esse

296 851 333 901 5
358 837 704 914 neglectum.
788 839 909 897 Sed
934 849 1129 898 tamen
1157 859 1398 900 necesse
1425 842 1534 901 fuit
1559 862 1687 901 esse
1715 843 1942 919 aliquid

356 943 695 1007 extremum,
721 945 801 1008 et,
829 945 1122 1012 tamquam
1161 937 1224 995 in
1267 938 1534 996 arborum
1574 939 1792 1012 baccis,
1819 948 1942 997 ter-

356 1046 554 1105 raeque
622 1031 904 1108 fingibu8‚
972 1034 1304 1091 maturitate
1362 1035 1720 1111 tempestiva,
1767 1036 1940 1110 quasi

354 1126 571 1183 vietum
598 1137 657 1185 et
686 1127 1006 1187 caducum:
1051 1130 1208 1204 quod
1239 1130 1538 1188 serendum
1565 1141 1653 1188 est
1681 1131 1938 1188 molliter

356 1222 619 1298 sapienti.
698 1223 867 1285 Quid
892 1225 1052 1282 enim
1079 1235 1166 1283 est
1207 1226 1382 1300 aliud,
1411 1226 1714 1304 gigantum
1754 1226 1936 1285 modo

266 1320 329 1371 10
357 1318 571 1377 bellare
599 1339 734 1377 cum
760 1319 911 1393 Diis,
938 1322 1055 1379 nisi
1080 1333 1300 1380 naturae
1327 1325 1691 1400 repugnare?

434 1416 671 1475 Loelius.
752 1417 956 1493 Atqui,
984 1418 1156 1491 Cato,
1185 1418 1575 1496 gratissimum
1615 1419 1804 1492 nobis,
1835 1418 1936 1498 (ut

354 1512 531 1571 etiam
548 1532 654 1589 pro
676 1512 953 1590 Scipione
979 1514 1285 1596 pollicear)
1309 1514 1537 1588 seceris,
1559 1515 1630 1588 si,
1653 1516 1934 1591 quoniam

354 1628 669 1685 speramus,
716 1608 1007 1687 (volumus
1050 1611 1286 1685 quidem
1333 1612 1517 1692 certe)
1567 1630 1734 1669 senes
1779 1611 1928 1685 fieri,

357 1712 489 1761 ante
516 1703 699 1761 multo
728 1722 761 1762 a
786 1714 845 1761 te
870 1704 1266 1778 didicerimuS,
1296 1706 1505 1781 quibus
1532 1706 1804 1765 facillime
1839 1726 1931 1766 ra-

262 1806 325 1859 15
353 1798 610 1857 tionibus
636 1798 1132 1877 ingravescentem
1159 1810 1385 1861 aetatem
1407 1802 1556 1860 ferre
1579 1802 1912 1879 possimus.-

437 1895 599 1954 C'aio.
680 1896 921 1954 Faciam
959 1915 1116 1970 vero,
1145 1897 1323 1969 Laeli;
1362 1900 1682 1975 praesertim
1709 1899 1758 1957 si
1785 1898 1928 1957 utri-

352 2010 465 2067 que
491 1991 763 2065 vestrfim,
790 2003 856 2050 ut
882 1993 1051 2066 dicis',
1080 2004 1306 2071 gratum
1333 1995 1588 2053 futurum
1615 2005 1720 2054 est.

426 2088 640 2166 Scipio.
724 2089 1010 2148 Volumus
1063 2110 1223 2164 sane,
1277 2091 1392 2149 nisi
1443 2092 1748 2149 molestum
1815 2103 1923 2165 est,

348 2184 519 2256 Cato,
548 2195 841 2262 tamquam
870 2186 1120 2261 aliquam
1137 2187 1291 2244 viam
1317 2188 1550 2264 longam
1579 2187 1924 2261 confeceris,

250 2293 321 2344 20
350 2298 520 2355 quam
560 2282 985 2358 nobis-quoque
1014 2282 1458 2359 ingrediendum
1483 2284 1578 2356 sit,
1607 2284 1778 2357 istuc,
1808 2305 1926 2361 quo

346 2377 679 2453 pervenisti,
706 2378 920 2467 videre,
950 2379 1120 2459 quale
1147 2379 1238 2439 sit.

422 2568 533 2629 111.
620 2569 781 2629 Cato,
865 2571 1126 2646 Faciam,
1153 2582 1218 2630 ut
1254 2582 1478 2649 potere,
1507 2572 1668 2631 Laeli.
1753 2575 1924 2663 Saepe

344 2667 503 2726 enim
529 2666 763 2725 interfui
786 2668 1037 2743 querelis
1077 2688 1338 2726 meorum
1369 2669 1694 2743 aequalium,
1727 2666 1923 2747 (pares

350 2775 539 2823 autem
588 2783 741 2821 cum*
760 2764 1015 2841 paribus,
1058 2766 1238 2823 veteri
1277 2766 1600 2842 prover-bin,
1645 2766 1920 2824 facillime

248 2875 320 2926 25
348 2861 821 2941 congregantur,)
852 2880 979 2937 quae
1020 2861 1091 2920 G.
1122 2862 1426 2935 Salinator,
1457 2881 1583 2938 quae
1625 2862 1724 2939 Sp.
1755 2860 1922 2918 Albi-

344 2974 475 3028 nus,
530 2956 791 3015 homines
844 2958 1198 3031 consulares,
1251 2958 1437 3019 nostri
1490 2959 1610 3017 fere
1649 2956 1916 3031 aequales,

340 3050 645 3131 deplorare
682 3053 975 3127 solebant;
1024 3064 1150 3114 tum
1195 3055 1352 3131 quod
1397 3052 1784 3133 voluptatibus
1823 3070 1920 3113 ca-
