2084 3517
681 317 768 366 nr:
806 289 1204 368 snmncwrs.
1744 310 1823 371 35
1898 365 1913 378 ,

157 471 466 525 crescunt:
499 476 564 524 ut
589 466 896 525 honestum
922 467 1063 526 illud
1090 467 1321 527 Solonis
1348 467 1441 540 sit,
1470 465 1623 543 quod
1650 466 1729 525 ait

157 564 446 622 versiculo
484 563 754 639 quodam,
799 561 890 640 (ut
933 574 1063 620 ante
1105 565 1250 645 dixi)
1300 582 1603 623 senescere
1642 581 1724 636 se,

157 661 343 718 multa
381 661 568 717 indies
611 660 1032 717 addiscentem:
1075 661 1189 736 quii
1228 661 1515 737 voluptate
1550 660 1725 719 animi

155 757 322 815 nulla
347 766 504 814 certe
530 765 716 832 potest
741 775 868 814 esse
908 757 1105 832 major.

237 948 374 1006 XV.
457 947 648 1006 Venio
685 967 842 1006 nunc
873 949 943 1006 ad
970 947 1289 1024 voluptates
1320 949 1718 1026 agricolarum,
1754 963 1787 1012 5

155 1045 367 1121 quibus
394 1063 504 1121 ego
533 1045 943 1103 incredibiliter
971 1046 1223 1104 delector
1249 1065 1261 1103 τ
1304 1064 1428 1121 quae
1468 1063 1581 1102 nec
1606 1045 1725 1102 ulla

156 1141 549 1216 impediuntur
569 1133 884 1213 senectute,
907 1153 966 1200 et
991 1142 1133 1199 mihi
1157 1142 1228 1200 ad
1250 1141 1522 1217 sapientis
1550 1140 1721 1199 vitam

153 1237 416 1313 proxime
441 1237 705 1294 videntur
735 1239 1025 1296 accedere.
1110 1237 1345 1295 Habent
1372 1238 1526 1296 enim
1553 1239 1723 1296 ratio-

154 1352 290 1390 nem
319 1351 452 1390 cum
480 1333 652 1405 terra,
675 1353 798 1408 quae
825 1353 1117 1408 nunquam
1144 1342 1372 1390 recusat
1400 1334 1721 1408 imperium,

155 1447 268 1486 nec
297 1448 548 1504 unquam
573 1429 698 1485 sine
719 1430 892 1486 usura
918 1429 1125 1499 reddit,
1154 1429 1307 1502 quod
1337 1429 1591 1502 accepit3
1622 1429 1724 1484 sed
1755 1429 1817 1478 10

157 1526 300 1583 alias
354 1526 595 1596 minore,
649 1513 980 1600 plerumque
1034 1523 1269 1599 majore,
1312 1541 1443 1580 cum
1489 1523 1721 1581 soenore.

153 1622 506 1698 Quanquam
567 1639 659 1677 me
698 1621 928 1696 quidem
969 1639 1089 1677 non
1130 1619 1349 1676 fructus
1388 1620 1579 1693 mode,
1622 1620 1723 1678 sed

155 1718 332 1777 etiarn
359 1717 538 1792 ipsius
577 1727 742 1774 terrae
771 1716 856 1772 vis
885 1735 952 1774 ac
993 1726 1217 1788 natura,
1246 1716 1495 1774 delectat
1520 1736 1533 1774 ε
1574 1737 1719 1793 quae,

155 1831 290 1870 cum
331 1811 554 1890 gremio
593 1812 812 1870 mollito
855 1831 923 1869 ac
963 1813 1205 1869 subacto
1244 1831 1439 1868 semen
1467 1831 1723 1888 sparsum

152 1909 414 1985 excepit3
456 1908 700 1983 primum
741 1909 800 1964 id
828 1918 1181 1965 occaecatum
1226 1907 1456 1964 cohibet
1487 1906 1586 1981 (ex
1610 1927 1722 1983 quo
1752 1909 1815 1958 15

153 2005 406 2076 occati0,
435 2023 560 2080 quae
601 2004 714 2062 hoe
754 2004 948 2075 efficit,
976 2003 1273 2060 nominata
1298 2003 1448 2081 est):
1490 2003 1720 2074 deinde,

153 2101 506 2178 tepefactum
547 2121 752 2177 vapore
793 2110 851 2158 et
891 2117 1223 2175 compressu
1264 2116 1389 2169 sue,
1420 2096 1719 2169 diffundit3

151 2207 212 2256 et
253 2198 414 2255 elicit
455 2198 888 2255 herbescentem
931 2215 1004 2254 ex
1044 2215 1115 2253 eo
1156 2194 1532 2265 viriditatem;
1574 2215 1719 2270 quae,

153 2295 292 2352 nixa
330 2294 490 2352 fibris
529 2293 810 2370 stirpium,
839 2293 1064 2350 sensim
1095 2290 1389 2363 adolescit,
1420 2292 1723 2368 culmoque

154 2401 354 2448 erecta
393 2390 740 2467 geniculato,
782 2390 1004 2467 vaginis
1040 2390 1159 2466 jam
1199 2388 1360 2464 quasi
1402 2391 1723 2465 pubescens
1752 2394 1817 2444 20

155 2486 506 2556 includitur;
549 2505 582 2543 e
623 2487 830 2561 quibus
871 2506 1002 2544 cum
1044 2489 1357 2561 emerserit,
1386 2489 1575 2547 fundit
1614 2489 1729 2546 fru-

155 2603 288 2659 gem
317 2582 484 2658 spici,
513 2583 715 2640 ordine
755 2592 1051 2656 structam,
1080 2595 1139 2642 et
1178 2597 1383 2643 contra
1410 2586 1597 2644 avium
1624 2583 1732 2638 mi-

154 2698 367 2736 norum
397 2697 620 2736 morsus
651 2676 960 2761 [munitur]
995 2680 1139 2738 vallo
1170 2683 1484 2740 aristarum.
1562 2676 1730 2739 Quid

154 2793 268 2852 ego
310 2775 514 2836 vitium
554 2785 729 2848 satus,
759 2787 936 2849 ortus,
966 2778 1343 2850 incrementa,
1387 2777 1733 2835 commemo-

154 2871 320 2928 rem?
402 2871 613 2928 Satiari
641 2872 1023 2930 delectatione
1062 2891 1181 2928 non
1219 2889 1472 2948 possum,
1498 2877 1563 2926 ut
1590 2887 1730 2927 meae
1760 2870 1825 2921 25

155 2967 476 3028 senectutis
497 2968 806 3042 requietem
829 2969 1429 3042 oblectamentumque
1454 2965 1725 3023 noscatis.

154 3061 383 3124 Omitto
409 3063 567 3122 enim
593 3063 708 3122 vim
735 3064 918 3140 ipsam
945 3065 1202 3124 omnium
1230 3081 1356 3137 quae
1384 3071 1729 3140 generantur
