2084 3517
667 309 754 358 nn
789 303 1191 360 sensorum.
1732 301 1811 362 37

129 469 296 516 terra
337 457 714 516 foecundior'l
829 458 996 520 Quid
1061 461 1135 517 de
1201 460 1449 520 utilitate
1514 461 1714 537 loquar

129 555 542 613 stercorandi?
625 554 762 611 Dixi
804 555 864 612 in
905 573 976 611 eo
1015 555 1181 627 libro,
1220 576 1388 632 quem
1430 557 1503 614 de
1542 553 1714 614 rebu-

129 650 376 707 rusticis
427 650 633 725 scripsi
650 671 665 720 ;
735 650 806 706 de
861 651 976 725 qua
1029 651 1235 708 doctus
1290 653 1583 710 Hesiodus
1636 669 1714 710 ne
1767 671 1771 674 ·

133 747 380 805 verbum
421 747 651 820 quidem
693 746 850 818 fecit,
881 765 1015 803 cum
1059 746 1131 803 de
1160 748 1383 805 cultura
1426 749 1545 826 agri
1574 747 1713 807 scri-

132 843 318 898 beret.
400 841 484 898 At
511 841 820 914 Homerus,
844 843 941 918 qui
962 842 1159 899 multis
1182 841 1273 920 (ut
1299 844 1438 900 mihi
1460 845 1707 925 videtur)
1743 849 1778 898 5

135 947 272 994 ante
301 937 528 994 saeculis
555 937 681 1009 fuit,
703 937 974 996 Laertem
1003 938 1317 996 lenientem
1340 939 1709 1014 desiderjum,

131 1032 290 1108 quod
331 1033 596 1108 capiebat
635 1051 670 1090 e
709 1034 847 1106 filio,
891 1034 1176 1092 colentem
1222 1053 1440 1112 agrum,
1483 1045 1541 1092 et
1578 1053 1712 1094 eum

132 1139 570 1201 stercorantem,
601 1128 756 1188 facit.
837 1130 970 1188 Nec
1008 1149 1145 1189 vero
1184 1131 1476 1208 segetibus
1504 1131 1709 1207 solum,

131 1237 190 1284 et
232 1225 432 1302 pratis,
460 1231 518 1283 et
547 1226 747 1299 vineis,
777 1236 834 1283 et
877 1227 1141 1300 arbustis,
1171 1247 1262 1285 res
1302 1211 1532 1286 rusticae
1559 1228 1706 1286 laetae

132 1333 287 1396 sunt,
311 1323 413 1380 scd
441 1322 613 1380 etiam
641 1323 820 1380 hortis
847 1333 905 1380 et
929 1325 1239 1400 pomariis;
1269 1335 1393 1382 tum
1416 1325 1708 1400 pecudum
1740 1325 1803 1376 1⁰

127 1431 320 1497 pastu,
353 1419 544 1495 apium
584 1419 962 1489 examinibus,
993 1419 1197 1477 florum
1238 1421 1495 1477 omnium
1532 1421 1711 1477 varie-

129 1529 266 1576 tate.
349 1516 484 1574 Nec
505 1515 860 1574 consitiones
887 1515 1065 1572 modo
1082 1511 1391 1586 delectant,
1414 1515 1516 1571 sed
1533 1515 1709 1572 etiam

131 1611 466 1684 i‘nsitiones;
509 1612 718 1688 quibus
757 1610 900 1668 nihil
943 1611 1162 1668 invenit
1204 1594 1555 1688 agricultura
1598 1611 1710 1668 sol-

129 1710 351 1769 lertiuS.

206 1903 377 1962 XVI.
458 1903 701 1960 Possum
739 1903 1002 1978 persequi
1058 1902 1239 1960 multa
1278 1901 1705 1960 oblectamenta
1736 1904 1799 1954 15

129 2019 320 2058 rerum
362 2000 739 2058 rusticarum:
782 1999 881 2056 sed
923 2018 994 2056 ea
1033 1999 1176 2073 ipsa,
1206 2017 1333 2073 qnae
1360 1997 1497 2069 dixi,
1529 1997 1707 2054 fuisse

129 2097 319 2154 sentio
383 2096 664 2173 longiora.
772 2093 1098 2172 Ignoscetis
1166 2103 1390 2150 autem:
1458 2111 1593 2149 nam
1646 2101 1705 2150 et

127 2194 324 2252 studio
363 2211 553 2250 rerum
593 2192 937 2250 rusticarum
975 2197 1287 2266 provectus
1329 2197 1575 2275 sum,·et
1616 2209 1706 2248 se-

127 2301 334 2348 nectus
362 2299 448 2346 est
473 2288 680 2347 natura
707 2288 1034 2364 loquacior3
1076 2305 1153 2343 ne
1182 2287 1253 2343 ab
1278 2286 1547 2343 omnibus
1573 2305 1701 2344 eam

126 2387 282 2444 vitiis
309 2386 502 2444 videar
523 2385 835 2442 vindicare.
917 2384 1079 2460 Ergo
1106 2384 1165 2441 in
1194 2383 1305 2440 hac
1330 2383 1448 2440 vita
1476 2382 1560 2440 Μ’
1586 2383 1701 2442 Cu·
1730 2393 1795 2444 20

125 2484 266 2554 rius,
296 2501 430 2540 cum
471 2483 542 2540 de
573 2481 946 2552 SamnitibuS,
977 2479 1051 2538 de
1092 2479 1344 2552 Sabinis,
1374 2480 1447 2536 de
1475 2480 1699 2556 Pyrrho

125 2579 555 2655 triumphasset,
587 2577 942 2653 consumpsit
969 2588 1287 2635 extremum
1314 2587 1541 2652 ternpus
1569 2587 1700 2634 aeta·

126 2677 200 2732 tis
225 2696 238 2732 :
269 2675 434 2751 cujus
460 2675 690 2750 quidem
711 2674 902 2731 villam
929 2693 1039 2750 ego
1068 2672 1483 2748 contemplans,
1509 2671 1699 2747 (abest

125 2772 282 2829 enim
310 2791 428 2829 non
455 2771 629 2848 longe
659 2791 692 2828 a
711 2770 831 2849 me)
858 2770 1125 2828 admirari
1153 2769 1291 2826 satis
1318 2787 1437 2825 non
1462 2781 1697 2841 possum

124 2869 214 2927 vel
255 2868 508 2926 hominis
547 2869 727 2944 ipsius
767 2867 1205 2937 continentiam,
1247 2865 1335 2923 vel
1375 2874 1694 2936 tempor-um
1726 2870 1791 2920 25

126 2965 510 3042 disciplinam.
593 2964 794 3036 Cui-ic,
827 2964 897 3022 ad
927 2964 1123 3022 focum
1150 2961 1393 3030 sedenti,
1424 2975 1694 3034 magnum

129 3062 250 3121 auri
276 3061 504 3138 pondus
543 3060 836 3119 Samnites
863 3078 998 3118 cum
1040 3058 1383 3127 attulissent,
1412 3053 1695 3130 repudiati

595 3155 634 3214 4
