2084 3517
319 270 401 328 78
745 283 1017 340 LAELmS,
1051 282 1197 330 ΘΝΕ
1237 282 1323 328 DE
1361 280 1671 328 Amen-u.

409 431 651 506 patriam
693 431 954 488 inventus
981 440 1067 487 est
1094 448 1300 488 nemo:
1354 429 1545 504 itaque
1585 437 1827 486 mortem
1868 426 1985 485 sibi

411 537 646 602 uterque
674 527 970 585 conscivit.

485 623 688 684 Quare
715 623 846 680 talis
874 623 1262 698 improborum
1291 620 1599 678 consensio
1640 639 1758 678 non
1802 621 1980 677 modo

407 719 778 776 excusatione
809 720 1077 778 amicitiae
1105 719 1353 794 tegenda
1378 737 1497 777 non
1524 726 1629 788 est,
1654 717 1754 774 sed
1782 717 1979 792 potius

342 827 376 878 5
408 816 564 872 omni
593 816 874 892 supplicio
903 815 1282 885 vindicanda3
1327 823 1389 872 ut
1416 833 1489 871 ne
1529 814 1655 888 quis
1696 813 1808 870 sibi
1838 832 1977 870 con-

404 930 628 970 cessum
669 923 848 987 putet,
893 912 1160 982 amicum,
1203 910 1289 967 vel
1332 910 1543 967 bellum
1586 909 1783 984 patriae
1832 909 1975 966 infe-

403 1018 643 1080 rentem,
673 1009 866 1082 sequi:
910 1008 1064 1082 quod
1102 1007 1351 1082 quidem,
1399 1016 1459 1062 ut
1500 1024 1590 1061 res
1636 1006 1812 1080 coepit
1864 1005 1969 1077 ire,

403 1103 558 1162 haud
593 1105 738 1183 scio,
783 1123 853 1161 an
885 1103 1193 1177 aliquando
1237 1103 1488 1159 futurum
1519 1101 1612 1158 sit..
1692 1099 1845 1158 Mihi
1876 1121 1972 1158 au-

400 1209 517 1256 tem
579 1218 696 1256 non
757 1198 966 1256 minori
1021 1217 1173 1254 curae
1224 1207 1329 1268 est,
1393 1197 1575 1272 qualis
1642 1196 1971 1272 respublica

307 1304 370 1356 10
398 1303 528 1370 post
553 1303 794 1352 mortem
823 1313 1007 1351 meam
1050 1293 1243 1350 futura
1284 1293 1376 1364 sit,
1422 1312 1591 1367 quam
1636 1292 1821 1368 qualis
1868 1293 1969 1370 ho-

397 1391 492 1448 die
519 1390 609 1449 sit.

473 1583 644 1641 XIII.
689 1582 836 1640 Haec
865 1583 1039 1658 igitur
1068 1577 1252 1657 prima
1290 1581 1383 1638 lex
1424 1581 1693 1638 amicitiae
1740 1583 1969 1640 sancia-

395 1688 508 1748 tur,
561 1688 625 1734 ut
669 1679 740 1733 ab
788 1679 987 1734 amicis
1029 1677 1272 1734 honesta
1314 1688 1595 1751 petamu5‚
1646 1678 1965 1736 amicorum

396 1772 571 1828 causa
593 1772 835 1828 honesta
855 1771 1167 1828 faciamus:
1198 1789 1271 1828 ne
1292 1783 1687 1846 exspectemus
1706 1773 1961 1847 quidem,

305 1877 366 1927 15
396 1866 531 1924 dum
560 1884 826 1942 rogemur
851 1886 864 1924 t
908 1867 1161 1924 studium
1188 1885 1410 1941 semper
1440 1867 1621 1938 adsit3
1666 1871 1965 1928 cunctatio

397 1962 558 2021 absit.
642 1963 964 2020 Consilium
1006 1981 1139 2020 vero
1184 1962 1319 2020 dare
1361 1963 1715 2040 gaudeamus
1745 1965 1961 2024 libere:
2061 2005 2062 2016 κ

393 2059 702 2136 plurimum
763 2059 824 2117 in
882 2059 1137 2116 amicitia
1180 2059 1493 2116 amicorum
1533 2061 1680 2116 bene
1720 2062 1965 2119 suaden-

395 2155 539 2212 tium
567 2155 751 2213 valeat
796 2155 1145 2212 auctoritas:
1190 2173 1371 2229 eaque
1419 2165 1479 2210 et
1524 2154 1861 2213 adhibeatur
1893 2157 1963 2214 ad

394 2250 764 2321 monendum,
793 2269 909 2307 non
940 2251 1353 2325 modofflperte,
1397 2251 1497 2308 sed
1526 2251 1701 2308 etiam
1732 2253 1963 2325 acriter,
2061 2273 2062 2328 j

301 2349 366 2398 20
394 2345 444 2402 si
470 2363 562 2400 res
586 2346 896 2420 postulabit
918 2366 931 2415 ;
975 2355 1032 2402 et
1058 2346 1325 2402 adhibitae
1343 2356 1627 2420 pareatur.

471 2439 626 2496 Nam
654 2441 1014 2514 quibusdam,
1042 2461 1185 2516 quos
1216 2442 1387 2499 audio
1414 2443 1701 2517 sapientes
1729 2443 1962 2502 habitos

397 2535 458 2594 in
484 2535 734 2606 Graecia,
775 2536 1061 2611 placuisse
1108 2538 1312 2613 opinor
1360 2539 1650 2597 mirabilia
1695 2541 1959 2614 quaedam

397 2629 525 2708 (sed
553 2631 696 2689 nihil
724 2641 831 2702 est,
855 2633 1007 2707 quod
1036 2633 1120 2691 illi
1146 2652 1264 2691 non
1290 2645 1701 2709 persequantur
1728 2636 1851 2693 suis
1882 2657 1967 2694 ar-

395 2727 634 2806 gutiis):
675 2728 882 2803 partim
927 2729 1227 2805 fugiendas
1254 2748 1379 2788 esse
1421 2730 1629 2788 nimias
1659 2732 1964 2805 amicitias»,

301 2843 368 2895 25
396 2841 470 2880 ne
497 2841 736 2882 necesse
763 2824 837 2880 sit
863 2843 1042 2892 unum
1070 2824 1379 2882 sollicitum
1402 2845 1527 2882 esse
1546 2846 1650 2902 pro
1670 2828 1963 2903 pluribus:
2061 2819 2062 2884 ζ

396 2918 536 2976 satis
563 2937 844 2995 superque
871 2938 997 2976 esse
1025 2939 1257 2978 suarum
1298 2921 1506 2997 cuique
1552 2942 1743 2980 rerum
1771 2945 1783 2981 ε
1830 2926 1967 2982 alie-

397 3011 490 3072 nis
514 3014 686 3074 nimis
712 3014 994 3093 implicari
1033 3015 1339 3074 molestum
1364 3035 1525 3078 esse:
1568 3021 1967 3082 commodissi-
