2084 3517
676 309 763 357 m:
796 310 1203 360 sannorum.
1489 295 1495 303 '
1733 302 1814 361 45

154 466 261 527 rat,
304 455 403 514 hio
436 455 557 534 jam
597 468 947 517 consecutus
971 468 1086 517 est.
1165 456 1275 517 Ille
1327 458 1449 517 vult
1500 457 1601 516 diu
1639 458 1720 516 vi-

152 571 319 611 vere:
362 552 471 611 hie'
502 552 601 611 diu
644 553 799 611 vixit.
879 553 1234 631 Quanquam
1264 554 1331 634 (o
1371 555 1473 614 Dii
1499 554 1640 613 boni
1658 555 1716 635 1)

150 648 289 723 quid
319 659 407 707 est
446 650 508 707 in
548 650 797 708 hominis
823 650 942 708 vita
982 651 1122 709 diu?
1201 650 1296 711 Da
1332 653 1488 710 enim
1527 670 1720 729 supre-

146 764 310 803 mum
354 756 617 821 tempus:
658 757 1060 822 exspeetemus
1098 746 1524 807 Tartessiorum
1563 748 1717 826 regis

149 852 417 900 aetatem:
460 842 567 899 fuit
607 842 761 899 enim
804 841 897 920 (ut
936 844 1214 919 seriptum
1255 844 1449 924 video)
1492 846 1715 923 Argan-
1745 855 1778 905 5

146 938 384 997 thonius
412 939 643 1012 quidam
670 939 950 1011 Gadibus,
979 939 1080 1016 qui
1121 940 1420 1017 octoginta
1455 942 1714 1019 regnavit

146 1053 352 1107 annos,
384 1043 617 1093 eentum
644 1044 701 1092 et
729 1034 933 1112 viginti
958 1036 1134 1095 vixit:
1175 1036 1280 1094 sed
1307 1037 1451 1094 mihi
1477 1056 1552 1094 ne
1591 1038 1716 1095 diu-

142 1139 381 1189 turnum
436 1130 667 1205 quidem
706 1131 1017 1207 quidquam
1060 1132 1304 1205 videtur,
1361 1133 1422 1191 in
1471 1151 1586 1209 quo
1627 1143 1714 1191 est

145 1226 366 1303 aliquid
394 1237 727 1286 extremum.
811 1227 961 1287 Cum
988 1229 1145 1286 enim
1173 1229 1231 1287 id
1263 1228 1528 1301 advenit3
1571 1240 1712 1289 tune

142 1322 311 1395 illud,
354 1323 509 1398 quod
545 1324 839 1400 praeteriit,
880 1325 1130 1382 effluxit:
1172 1335 1394 1383 tantum
1433 1336 1710 1399 remanet,
1745 1326 1806 1377 10

142 1419 304 1493 quod
370 1419 577 1477 virtute
644 1430 703 1479 et
766 1430 925 1478 reete
992 1421 1160 1478 factis
1214 1431 1562 1479 consecutus
1613 1422 1710 1480 sis.

144 1515 327 1574 Horae
380 1516 613 1591 quidem
666 1516 900 1587 cedunt,
956 1526 1015 1573 et
1067 1516 1210 1587 dies,
1265 1526 1325 1573 et
1365 1534 1612 1588 meuses,
1655 1526 1715 1575 et

144 1612 321 1682 anni3
364 1631 475 1671 nec
520 1612 872 1688 praeteritum
915 1623 1140 1689 tempus
1187 1630 1442 1688 uuquam
1481 1612 1714 1671 reverti-

142 1718 259 1780 tur,
313 1726 445 1781 neo,
500 1709 640 1784 quid
694 1718 980 1783 sequatur,
1036 1708 1175 1766 seiri
1224 1718 1424 1785 potest.
1464 1706 1470 1725 ¹
1531 1708 1713 1771 Quod

142 1804 360 1880 cuique
402 1804 675 1881 temporis
721 1805 793 1862 ad
838 1804 1144 1863 vivendum
1191 1805 1377 1877 datur,
1422 1822 1494 1863 eo
1541 1805 1713 1863 debet
1745 1811 1805 1861 15

142 1919 273 1959 esse
315 1910 636 1959 contentus.
718 1900 927 1975 Neque
968 1901 1124 1957 enim
1166 1900 1450 1972 histrioni,
1493 1910 1558 1957 ut
1593 1901 1714 1977 pla·

143 2006 295 2070 ceat,
322 1998 653 2073 peragenda
677 2006 763 2053 est
791 1996 1001 2067 sabula,
1030 1996 1225 2066 modo,
1256 1995 1316 2052 in
1346 2014 1712 2070 quocumque

142 2092 319 2151 suerit
361 2102 513 2165 actu,
552 2094 855 2169 probetur3
896 2110 1087 2166 neque
1133 2090 1379 2166 sapienti
1417 2108 1599 2164 usque
1641 2090 1714 2148 ad

142 2196 181 2223 “
200 2187 469 2247 Plaudite
486 2190 519 2216 '³
550 2188 872 2247 vivendum.

220 2285 409 2343 Breve
434 2284 592 2343 enim
618 2294 843 2359 tempus
870 2281 1055 2341 aetatis
1081 2280 1220 2340 satis
1246 2290 1335 2339 est
1373 2280 1612 2359 longum
1640 2284 1712 2341 ad
1743 2287 1806 2338 20

140 2382 292 2441 bene
346 2380 700 2454 honesteque
760 2378 1082 2437 vivendum.
1189 2376 1298 2435 Sin
1362 2379 1714 2455 processeris

140 2477 395 2555 longiuS,
424 2495 542 2533 non
563 2474 746 2551 magis
773 2474 1086 2533 dolendum
1113 2483 1220 2547 est,
1244 2493 1414 2549 quam
1445 2474 1714 2553 agricolae

142 2574 363 2649 dolent,
390 2571 682 2649 praeterita
710 2570 870 2629 verni
908 2570 1186 2647 temporis
1225 2571 1524 2643 suavitate,
1554 2581 1714 2630 aesta-

140 2681 257 2728 tem
322 2679 772 2742 autumnumque
840 2666 1082 2726 venisse.
1190 2666 1309 2724 Ver
1380 2666 1536 2725 enim
1590 2675 1714 2723 tan·-

142 2785 315 2843 quam
346 2763 791 2824 adolescentiam
818 2763 1126 2840 signifieat,
1157 2763 1522 2837 ostenditque
1563 2760 1712 2817 frue-
1742 2774 1806 2825 25

143 2873 234 2919 tus
262 2862 519 2919 futuros:
561 2859 783 2934 reliqua
821 2870 1082 2934 tempora
1120 2857 1476 2915 demetendis
1517 2854 1715 2915 fructi-

141 2959 249 3017 bus
277 2968 337 3016 et
362 2954 751 3033 percipiendis
772 2953 1210 3013 accommodata
1229 2962 1378 3011 sunt.
1459 2950 1712 3012 Fruetus

143 3065 337 3115 autem
352 3036 669 3111 senectuiin
688 3060 777 3109 est
796 3049 891 3129 (ut
916 3066 1070 3125 sepe
1095 3048 1244 3127 dixi)
1269 3056 1402 3105 ante
1417 3057 1712 3125 partorum
