2084 3517
318 273 398 334 82
726 289 999 348 mmm,
1034 287 1184 336 slvn
1219 287 1308 336 nn
1343 289 1658 337 mci-ru.

414 435 695 509 colantur,
723 448 788 494 ut
814 437 877 510 ii,
904 438 1023 513 qui,
1051 439 1257 514 opibus
1295 449 1355 496 et
1391 439 1594 514 copiiS‚
1623 437 1990 513 maximeque

413 536 621 592 virtute
660 536 887 610 praediti
924 535 1012 612 (in
1055 537 1168 610 qua
1205 536 1514 610 plurimum
1553 545 1641 592 est
1677 535 1989 613 praesidii),

412 632 649 689 minime
690 631 923 688 alterius
964 633 1280 708 indigeant,
1322 632 1712 688 liberalissimi
1757 632 1898 702 sint,
1940 641 1991 686 et

414 727 936 784 beneficentissimi.
1018 727 1212 802 Atque
1251 728 1403 785 haud
1446 728 1588 798 scio,
1621 746 1693 784 an
1735 746 1817 783 ne
1855 745 1989 801 opus

350 829 383 876 5
413 822 487 878 sit
511 823 760 897 quidem,
789 822 933 878 nihil
966 843 1213 896 unquam
1245 823 1482 880 omnino
1525 823 1730 879 deesse
1772 823 1983 878 amicis

410 917 527 975 Ubi
567 919 722 975 enim
764 919 953 976 studia
990 930 1186 977 nostra
1224 920 1556 996 viguissent,
1599 919 1648 974 si
1689 937 1985 992 nunquam

414 1013 677 1084 consiliO,
716 1031 1009 1088 nunquam
1051 1013 1226 1088 opera
1271 1014 1483 1084 nostra,
1525 1032 1636 1070 nec
1677 1012 1846 1069 domi
1887 1031 1987 1068 nec

413 1109 650 1180 militiae,
680 1109 879 1184 Scipio
918 1109 1214 1184 eguisset?
1295 1109 1432 1165 Non
1471 1109 1646 1184 igitur
1679 1109 1984 1166 utilitatem

416 1204 685 1276 amicitia,
715 1204 816 1262 sed
845 1205 1060 1261 utilitas
1089 1204 1418 1275 amicitiam,
1449 1214 1768 1261 consecuta
1795 1215 1901 1261 est.

325 1403 386 1453 10
490 1396 624 1454 XV.
682 1395 821 1455 Non
862 1415 1001 1474 ergo
1042 1405 1212 1454 erunt
1249 1395 1512 1454 homines
1551 1396 1780 1454 deliciis
1810 1395 1981 1453 difflu-

414 1505 576 1552 entes
618 1494 905 1566 audiendi‚
936 1495 983 1552 si
1020 1494 1250 1568 quando
1275 1495 1346 1550 de
1375 1493 1647 1564 amicitia,
1677 1512 1851 1567 quam
1877 1511 1978 1548 nec

414 1609 523 1646 usu
562 1609 673 1646 nec
712 1591 934 1647 ratione
976 1589 1190 1646 habent
1244 1589 1553 1665 cognitam,
1596 1589 1973 1663 disputabunt.

414 1683 567 1740 Nam
586 1685 713 1757 quis
728 1696 834 1756 est,
860 1683 991 1760 (pro
1009 1683 1200 1740 Defim
1221 1685 1413 1754 fidem,
1435 1694 1602 1758 atque
1624 1684 1920 1770 hominurn
1935 1685 1971 1762 Ξ)

416 1777 514 1851 qui
554 1778 709 1848 velit,
739 1787 804 1834 ut
841 1796 1027 1852 neque
1070 1777 1273 1854 diligat
1313 1796 1674 1852 quemquam,
1710 1797 1822 1835 nec
1861 1779 1972 1854 ipse

324 1887 388 1936 15
419 1873 490 1928 ab
530 1873 649 1929 ullo
690 1872 982 1948 diligatur,
1026 1871 1428 1929 circumfluere
1471 1873 1738 1930 omnibus
1779 1875 1968 1948 copii5‚

420 1978 587 2043 atque
642 1969 700 2026 in
754 1968 1013 2025 omnium
1081 1987 1271 2024 rerum
1341 1968 1690 2026 abundantia
1757 1969 1969 2027 vivere?

419 2064 565 2122 Haec
592 2065 746 2122 enim
773 2075 861 2122 est
892 2075 1262 2140 tyrannorum
1290 2063 1440 2134 vita3
1483 2064 1544 2120 in
1573 2064 1686 2138 qua
1713 2064 1968 2120 nimirum

416 2161 575 2217 nulla
613 2159 773 2231 fides,
814 2161 975 2217 nulla
1014 2161 1243 2233 caritas,
1285 2160 1444 2218 nulla
1481 2160 1700 2218 stabilis
1739 2161 1967 2216 benevo-

416 2255 605 2311 lentiae
632 2265 817 2330 potest
842 2275 968 2312 esse
996 2256 1245 2312 fiducia:
1287 2256 1482 2313 omnia
1507 2275 1728 2330 semper
1753 2275 1964 2331 suspec-

323 2363 388 2412 20
417 2359 495 2420 ta,
526 2359 693 2424 atque
719 2351 998 2408 sollicita:
1039 2351 1232 2408 nullus
1258 2351 1423 2408 locus
1453 2351 1733 2408 amicitiae.

492 2445 648 2506 Quis
686 2446 841 2502 enim
884 2455 979 2503 aut
1020 2465 1153 2504 eum
1193 2446 1395 2523 diligat
1433 2465 1602 2522 quem
1634 2448 1843 2519 metuit,
1873 2457 1960 2504 aut

416 2559 547 2598 eum
572 2560 605 2598 a
623 2559 735 2615 quo
756 2559 817 2596 se
838 2541 1017 2598 metui
1034 2544 1236 2616 putat?
1294 2543 1577 2599 Coluntur
1599 2554 1783 2600 tamen
1803 2544 1958 2600 simu·
2040 2565 2041 2582 ³

416 2637 629 2695 latione
669 2636 943 2693 duntaxat
984 2637 1054 2692 ad
1095 2647 1336 2712 tempus,
1414 2638 1596 2699 Quod
1633 2638 1682 2695 si
1718 2638 1848 2696 forte
1877 2638 1956 2716 (ut

418 2734 480 2790 fit
516 2732 875 2811 plerumque)
908 2732 1242 2803 ceciderint,
1271 2744 1391 2790 tum
1429 2733 1775 2810 intelligitur,
1802 2753 1954 2808 quam
2040 2779 2041 2786 ,

324 2846 390 2894 25
420 2828 628 2885 fuerint
652 2827 849 2902 inopes
880 2827 1194 2885 amicorum
1220 2847 1233 2884 τ
1275 2829 1431 2903 quod
1457 2828 1824 2902 Tarquinium
1845 2829 1953 2886 dix-

420 2923 533 2980 isse
566 2922 773 2994 ferunt,
800 2931 923 2980 tum
963 2923 1318 2980 exsulantem
1345 2943 1408 2982 se
1435 2923 1790 2996 intellexisse,
1820 2943 1949 3000 quos

420 3015 562 3075 fidos
614 3018 831 3078 amicos
881 3019 1193 3092 habuisset,
1231 3037 1376 3096 quos
1427 3019 1654 3092 infidos,
1695 3038 1812 3078 cum
1838 3019 1946 3097 jam
2040 3077 2041 3084 ,
