<?xml version="1.0" encoding="UTF-8"?>
<!DOCTYPE html PUBLIC "-//W3C//DTD XHTML 1.0 Transitional//EN"
    "http://www.w3.org/TR/xhtml1/DTD/xhtml1-transitional.dtd">
<html xmlns="http://www.w3.org/1999/xhtml" xml:lang="en" lang="en">
 <head>
  <title>
</title>
<meta http-equiv="Content-Type" content="text/html;charset=utf-8" />
  <meta name='ocr-system' content='tesseract 3.04.00' />
  <meta name='ocr-capabilities' content='ocr_page ocr_carea ocr_par ocr_line ocrx_word'/>
</head>
<body>
  <div class='ocr_page' id='page_1' title='image "./desenectuteetde00dillgoog_0018.png"; bbox 0 0 2084 3517; ppageno 0'>
   <div class='ocr_carea' id='block_1_1' title="bbox 724 295 1824 361">
    <p class='ocr_par' dir='ltr' id='par_1_1' title="bbox 724 295 1824 361">
     <span class='ocr_line' id='line_1_1' title="bbox 724 295 1824 361; baseline -0.001 -4"><span class='ocrx_word' id='word_1_1' title='bbox 724 311 813 361; x_wconf 78' lang='lat' dir='ltr'><strong>DE</strong></span> <span class='ocrx_word' id='word_1_2' title='bbox 848 310 1254 361; x_wconf 65' lang='lat' dir='ltr'><strong>summorum</strong></span> <span class='ocrx_word' id='word_1_3' title='bbox 1748 295 1824 357; x_wconf 76' lang='lat'><strong>13</strong></span> 
     </span>
    </p>
   </div>
   <div class='ocr_carea' id='block_1_2' title="bbox 65 459 1826 3041">
    <p class='ocr_par' dir='ltr' id='par_1_2' title="bbox 285 459 1487 523">
     <span class='ocr_line' id='line_1_2' title="bbox 285 459 1487 523; baseline -0.001 -13"><span class='ocrx_word' id='word_1_4' title='bbox 285 463 319 490; x_wconf 89' lang='lat'><strong>“</strong></span> <span class='ocrx_word' id='word_1_5' title='bbox 339 459 505 523; x_wconf 70' lang='lat' dir='ltr'><strong>Unus,</strong></span> <span class='ocrx_word' id='word_1_6' title='bbox 526 460 611 523; x_wconf 85' lang='lat' dir='ltr'><strong>qui</strong></span> <span class='ocrx_word' id='word_1_7' title='bbox 632 461 776 509; x_wconf 74' lang='lat' dir='ltr'><strong>nobis</strong></span> <span class='ocrx_word' id='word_1_8' title='bbox 796 462 1079 511; x_wconf 79' lang='lat' dir='ltr'><strong>cunctando</strong></span> <span class='ocrx_word' id='word_1_9' title='bbox 1109 462 1331 512; x_wconf 68' lang='lat' dir='ltr'><strong>restituit</strong></span> <span class='ocrx_word' id='word_1_10' title='bbox 1349 474 1487 520; x_wconf 63' lang='grc' dir='ltr'><strong>τεῖος</strong></span> 
     </span>
    </p>

    <p class='ocr_par' dir='ltr' id='par_1_3' title="bbox 334 541 1492 605">
     <span class='ocr_line' id='line_1_3' title="bbox 334 541 1492 605; baseline 0.003 -16"><span class='ocrx_word' id='word_1_11' title='bbox 334 541 382 589; x_wconf 90' lang='lat' dir='ltr'>N</span> <span class='ocrx_word' id='word_1_12' title='bbox 386 557 451 589; x_wconf 92' lang='lat' dir='ltr'><strong>on</strong></span> <span class='ocrx_word' id='word_1_13' title='bbox 472 542 689 605; x_wconf 83' lang='lat' dir='ltr'><strong>ponebat</strong></span> <span class='ocrx_word' id='word_1_14' title='bbox 710 542 847 591; x_wconf 87' lang='lat' dir='ltr'><strong>enim</strong></span> <span class='ocrx_word' id='word_1_15' title='bbox 868 558 1090 591; x_wconf 80' lang='lat' dir='ltr'><strong>rumores</strong></span> <span class='ocrx_word' id='word_1_16' title='bbox 1111 550 1226 591; x_wconf 73' lang='lat' dir='ltr'><strong>ante</strong></span> <span class='ocrx_word' id='word_1_17' title='bbox 1249 542 1492 592; x_wconf 75' lang='lat' dir='ltr'><strong>salutem:</strong></span> 
     </span>
    </p>

    <p class='ocr_par' dir='ltr' id='par_1_4' title="bbox 148 622 1792 1110">
     <span class='ocr_line' id='line_1_4' title="bbox 332 622 1704 689; baseline 0.001 -20"><span class='ocrx_word' id='word_1_18' title='bbox 332 622 469 686; x_wconf 85' lang='lat' dir='ltr'><strong>Ergo</strong></span> <span class='ocrx_word' id='word_1_19' title='bbox 492 622 747 686; x_wconf 73' lang='lat' dir='ltr'>magisque</span> <span class='ocrx_word' id='word_1_20' title='bbox 771 622 1027 687; x_wconf 73' lang='lat' dir='ltr'>magisque</span> <span class='ocrx_word' id='word_1_21' title='bbox 1042 624 1136 672; x_wconf 85' lang='lat' dir='ltr'><strong>viri</strong></span> <span class='ocrx_word' id='word_1_22' title='bbox 1159 639 1295 672; x_wconf 87' lang='lat' dir='ltr'><strong>nunc</strong></span> <span class='ocrx_word' id='word_1_23' title='bbox 1319 623 1476 689; x_wconf 79' lang='lat' dir='ltr'><strong>gloria</strong></span> <span class='ocrx_word' id='word_1_24' title='bbox 1496 622 1704 673; x_wconf 74' lang='lat' dir='ltr'><strong>claret.’&#39;</strong></span> 
     </span>
     <span class='ocr_line' id='line_1_5' title="bbox 148 740 1733 819; baseline 0.001 -20"><span class='ocrx_word' id='word_1_25' title='bbox 148 740 481 799; x_wconf 82' lang='lat' dir='ltr'><strong>Tarentum</strong></span> <span class='ocrx_word' id='word_1_26' title='bbox 544 760 680 798; x_wconf 86' lang='lat' dir='ltr'><strong>vero</strong></span> <span class='ocrx_word' id='word_1_27' title='bbox 737 742 851 816; x_wconf 67' lang='lat' dir='ltr'><strong>qua</strong></span> <span class='ocrx_word' id='word_1_28' title='bbox 908 742 1227 819; x_wconf 71' lang='lat' dir='ltr'><strong>vigilantia,</strong></span> <span class='ocrx_word' id='word_1_29' title='bbox 1283 760 1399 818; x_wconf 93' lang='lat' dir='ltr'><strong>quo</strong></span> <span class='ocrx_word' id='word_1_30' title='bbox 1466 742 1733 816; x_wconf 77' lang='lat' dir='ltr'><strong>consiliu,</strong></span> 
     </span>
     <span class='ocr_line' id='line_1_6' title="bbox 149 838 1792 915; baseline 0.002 -20"><span class='ocrx_word' id='word_1_31' title='bbox 149 838 407 915; x_wconf 83' lang='lat' dir='ltr'><strong>recepitl</strong></span> <span class='ocrx_word' id='word_1_32' title='bbox 454 856 589 897; x_wconf 88' lang='lat' dir='ltr'><strong>cum</strong></span> <span class='ocrx_word' id='word_1_33' title='bbox 631 839 885 913; x_wconf 84' lang='lat' dir='ltr'><strong>quidem,</strong></span> <span class='ocrx_word' id='word_1_34' title='bbox 928 858 1033 897; x_wconf 78' lang='lat' dir='ltr'><strong>me.</strong></span> <span class='ocrx_word' id='word_1_35' title='bbox 1065 840 1354 912; x_wconf 84' lang='lat' dir='ltr'><strong>audiente,</strong></span> <span class='ocrx_word' id='word_1_36' title='bbox 1397 840 1732 915; x_wconf 78' lang='lat' dir='ltr'><strong>Salinatori,</strong></span> <span class='ocrx_word' id='word_1_37' title='bbox 1757 840 1792 891; x_wconf 83' lang='lat'>5</span> 
     </span>
     <span class='ocr_line' id='line_1_7' title="bbox 151 934 1731 1013; baseline 0.002 -22"><span class='ocrx_word' id='word_1_38' title='bbox 151 935 275 1009; x_wconf 91' lang='lat' dir='ltr'><strong>qui,</strong></span> <span class='ocrx_word' id='word_1_39' title='bbox 306 934 518 993; x_wconf 84' lang='lat' dir='ltr'><strong>amisso</strong></span> <span class='ocrx_word' id='word_1_40' title='bbox 558 935 791 1011; x_wconf 84' lang='lat' dir='ltr'><strong>oppido,</strong></span> <span class='ocrx_word' id='word_1_41' title='bbox 820 935 1048 1013; x_wconf 78' lang='lat' dir='ltr'><strong>fugerat</strong></span> <span class='ocrx_word' id='word_1_42' title='bbox 1089 936 1151 995; x_wconf 88' lang='lat' dir='ltr'><strong>in</strong></span> <span class='ocrx_word' id='word_1_43' title='bbox 1194 954 1406 1009; x_wconf 84' lang='lat' dir='ltr'><strong>arcem,</strong></span> <span class='ocrx_word' id='word_1_44' title='bbox 1437 937 1731 1013; x_wconf 75' lang='lat' dir='ltr'><strong>glorianti,</strong></span> 
     </span>
     <span class='ocr_line' id='line_1_8' title="bbox 154 1032 1731 1110; baseline 0.001 -21"><span class='ocrx_word' id='word_1_45' title='bbox 154 1042 329 1107; x_wconf 87' lang='lat' dir='ltr'><strong>atque</strong></span> <span class='ocrx_word' id='word_1_46' title='bbox 397 1032 479 1089; x_wconf 87' lang='lat' dir='ltr'><strong>ita</strong></span> <span class='ocrx_word' id='word_1_47' title='bbox 545 1032 798 1091; x_wconf 89' lang='lat' dir='ltr'><strong>dicenti:</strong></span> <span class='ocrx_word' id='word_1_48' title='bbox 879 1032 1076 1093; x_wconf 68' lang='lat' dir='ltr'><strong>“Mea</strong></span> <span class='ocrx_word' id='word_1_49' title='bbox 1144 1034 1342 1110; x_wconf 58' lang='lat' dir='ltr'><strong>opera,</strong></span> <span class='ocrx_word' id='word_1_50' title='bbox 1407 1034 1489 1095; x_wconf 81' lang='lat' dir='ltr'><strong>Q.</strong></span> <span class='ocrx_word' id='word_1_51' title='bbox 1562 1034 1731 1105; x_wconf 82' lang='lat' dir='ltr'><strong>Fabi,</strong></span> 
     </span>
    </p>

    <p class='ocr_par' dir='ltr' id='par_1_5' title="bbox 65 1130 1826 3041">
     <span class='ocr_line' id='line_1_9' title="bbox 65 1130 1700 1207; baseline 0.001 -20"><span class='ocrx_word' id='word_1_52' title='bbox 65 1147 71 1149; x_wconf 88' lang='grc'><strong><em>·</em></strong></span> <span class='ocrx_word' id='word_1_53' title='bbox 150 1130 479 1187; x_wconf 81' lang='lat' dir='ltr'><strong>Tarentum</strong></span> <span class='ocrx_word' id='word_1_54' title='bbox 536 1130 889 1205; x_wconf 85' lang='lat' dir='ltr'><strong>recepisti:”</strong></span> <span class='ocrx_word' id='word_1_55' title='bbox 935 1138 972 1164; x_wconf 90' lang='lat'><strong>“</strong></span> <span class='ocrx_word' id='word_1_56' title='bbox 996 1132 1232 1204; x_wconf 85' lang='lat' dir='ltr'><strong>Certe,’&#39;</strong></span> <span class='ocrx_word' id='word_1_57' title='bbox 1277 1132 1466 1207; x_wconf 88' lang='lat' dir='ltr'><strong>inquit</strong></span> <span class='ocrx_word' id='word_1_58' title='bbox 1503 1131 1700 1189; x_wconf 80' lang='lat' dir='ltr'><strong>ridens</strong></span> 
     </span>
     <span class='ocr_line' id='line_1_10' title="bbox 153 1224 1728 1305; baseline 0.002 -22"><span class='ocrx_word' id='word_1_59' title='bbox 153 1233 191 1259; x_wconf 90' lang='lat'><strong>“</strong></span> <span class='ocrx_word' id='word_1_60' title='bbox 210 1245 367 1297; x_wconf 87' lang='lat' dir='ltr'><strong>nam,</strong></span> <span class='ocrx_word' id='word_1_61' title='bbox 398 1224 511 1283; x_wconf 86' lang='lat' dir='ltr'><strong>nisi</strong></span> <span class='ocrx_word' id='word_1_62' title='bbox 554 1236 616 1283; x_wconf 87' lang='lat' dir='ltr'><strong>tu</strong></span> <span class='ocrx_word' id='word_1_63' title='bbox 663 1226 969 1301; x_wconf 76' lang='lat' dir='ltr'><strong>amisisseS,</strong></span> <span class='ocrx_word' id='word_1_64' title='bbox 998 1248 1295 1304; x_wconf 88' lang='lat' dir='ltr'><strong>nunquam</strong></span> <span class='ocrx_word' id='word_1_65' title='bbox 1323 1229 1728 1305; x_wconf 78' lang='lat' dir='ltr'><strong>recepissem.”</strong></span> 
     </span>
     <span class='ocr_line' id='line_1_11' title="bbox 150 1321 1823 1401; baseline 0.002 -23"><span class='ocrx_word' id='word_1_66' title='bbox 150 1321 285 1381; x_wconf 85' lang='lat' dir='ltr'><strong>Nec</strong></span> <span class='ocrx_word' id='word_1_67' title='bbox 325 1341 465 1379; x_wconf 85' lang='lat' dir='ltr'><strong>vero</strong></span> <span class='ocrx_word' id='word_1_68' title='bbox 506 1322 585 1379; x_wconf 80' lang='lat' dir='ltr'><strong>in·</strong></span> <span class='ocrx_word' id='word_1_69' title='bbox 610 1323 782 1381; x_wconf 84' lang='lat' dir='ltr'><strong>armis</strong></span> <span class='ocrx_word' id='word_1_70' title='bbox 820 1325 1202 1399; x_wconf 66' lang='lat' dir='ltr'><strong>praestantior,</strong></span> <span class='ocrx_word' id='word_1_71' title='bbox 1242 1344 1415 1400; x_wconf 89' lang='lat' dir='ltr'><strong>quam</strong></span> <span class='ocrx_word' id='word_1_72' title='bbox 1456 1325 1516 1382; x_wconf 86' lang='lat' dir='ltr'><strong>in</strong></span> <span class='ocrx_word' id='word_1_73' title='bbox 1555 1324 1727 1401; x_wconf 67' lang='lat' dir='ltr'><strong>togii3</strong></span> <span class='ocrx_word' id='word_1_74' title='bbox 1760 1340 1823 1391; x_wconf 84' lang='lat'><strong>10</strong></span> 
     </span>
     <span class='ocr_line' id='line_1_12' title="bbox 149 1419 1732 1497; baseline 0.001 -22"><span class='ocrx_word' id='word_1_75' title='bbox 149 1419 251 1493; x_wconf 88' lang='lat' dir='ltr'><strong>qui</strong></span> <span class='ocrx_word' id='word_1_76' title='bbox 294 1419 499 1475; x_wconf 87' lang='lat' dir='ltr'><strong>consul</strong></span> <span class='ocrx_word' id='word_1_77' title='bbox 549 1420 777 1491; x_wconf 87' lang='lat' dir='ltr'><strong>iterum,</strong></span> <span class='ocrx_word' id='word_1_78' title='bbox 828 1421 927 1495; x_wconf 85' lang='lat' dir='ltr'><strong>Sp.</strong></span> <span class='ocrx_word' id='word_1_79' title='bbox 971 1420 1228 1479; x_wconf 83' lang='lat' dir='ltr'><strong>Carvilio</strong></span> <span class='ocrx_word' id='word_1_80' title='bbox 1269 1421 1497 1497; x_wconf 63' lang='lat' dir='ltr'><strong>collega</strong></span> <span class='ocrx_word' id='word_1_81' title='bbox 1544 1421 1732 1496; x_wconf 67' lang='lat' dir='ltr'><strong>quies-</strong></span> 
     </span>
     <span class='ocr_line' id='line_1_13' title="bbox 152 1514 1729 1592; baseline 0.001 -20"><span class='ocrx_word' id='word_1_82' title='bbox 152 1526 344 1587; x_wconf 83' lang='lat' dir='ltr'><strong>cente,</strong></span> <span class='ocrx_word' id='word_1_83' title='bbox 376 1515 444 1572; x_wconf 84' lang='lat' dir='ltr'><strong>C.</strong></span> <span class='ocrx_word' id='word_1_84' title='bbox 476 1514 766 1573; x_wconf 84' lang='lat' dir='ltr'><strong>Flaminio</strong></span> <span class='ocrx_word' id='word_1_85' title='bbox 806 1516 1037 1573; x_wconf 84' lang='lat' dir='ltr'><strong>tribuno</strong></span> <span class='ocrx_word' id='word_1_86' title='bbox 1062 1516 1266 1592; x_wconf 69' lang='lat' dir='ltr'><strong>plebia,</strong></span> <span class='ocrx_word' id='word_1_87' title='bbox 1295 1516 1482 1590; x_wconf 84' lang='lat' dir='ltr'><strong>quoad</strong></span> <span class='ocrx_word' id='word_1_88' title='bbox 1521 1516 1729 1591; x_wconf 90' lang='lat' dir='ltr'><strong>potuit,</strong></span> 
     </span>
     <span class='ocr_line' id='line_1_14' title="bbox 151 1611 1731 1689; baseline 0 -20"><span class='ocrx_word' id='word_1_89' title='bbox 151 1611 385 1683; x_wconf 84' lang='lat' dir='ltr'><strong>restitit,</strong></span> <span class='ocrx_word' id='word_1_90' title='bbox 448 1630 648 1689; x_wconf 88' lang='lat' dir='ltr'><strong>agrum</strong></span> <span class='ocrx_word' id='word_1_91' title='bbox 706 1611 1007 1669; x_wconf 77' lang='lat' dir='ltr'><strong>Picentem</strong></span> <span class='ocrx_word' id='word_1_92' title='bbox 1061 1622 1120 1670; x_wconf 87' lang='lat' dir='ltr'><strong>et</strong></span> <span class='ocrx_word' id='word_1_93' title='bbox 1171 1613 1466 1671; x_wconf 79' lang='lat' dir='ltr'><strong>Gallicum</strong></span> <span class='ocrx_word' id='word_1_94' title='bbox 1517 1611 1731 1671; x_wconf 85' lang='lat' dir='ltr'><strong>viritim</strong></span> 
     </span>
     <span class='ocr_line' id='line_1_15' title="bbox 154 1709 1732 1788; baseline 0.001 -22"><span class='ocrx_word' id='word_1_95' title='bbox 154 1718 363 1767; x_wconf 88' lang='lat' dir='ltr'><strong>contra</strong></span> <span class='ocrx_word' id='word_1_96' title='bbox 402 1709 634 1767; x_wconf 72' lang='lat' dir='ltr'><strong>senatus</strong></span> <span class='ocrx_word' id='word_1_97' title='bbox 678 1709 1079 1769; x_wconf 88' lang='lat' dir='ltr'><strong>auctoritatem</strong></span> <span class='ocrx_word' id='word_1_98' title='bbox 1121 1710 1416 1769; x_wconf 84' lang='lat' dir='ltr'><strong>dividenti.</strong></span> <span class='ocrx_word' id='word_1_99' title='bbox 1500 1712 1732 1788; x_wconf 81' lang='lat' dir='ltr'><strong>Augur·-</strong></span> 
     </span>
     <span class='ocr_line' id='line_1_16' title="bbox 152 1806 1824 1884; baseline 0.004 -21"><span class='ocrx_word' id='word_1_100' title='bbox 152 1826 265 1881; x_wconf 90' lang='lat' dir='ltr'><strong>que</strong></span> <span class='ocrx_word' id='word_1_101' title='bbox 294 1825 431 1863; x_wconf 88' lang='lat' dir='ltr'><strong>cum</strong></span> <span class='ocrx_word' id='word_1_102' title='bbox 458 1816 627 1878; x_wconf 82' lang='lat' dir='ltr'><strong>esset,</strong></span> <span class='ocrx_word' id='word_1_103' title='bbox 650 1806 847 1865; x_wconf 83' lang='lat' dir='ltr'><strong>dicere</strong></span> <span class='ocrx_word' id='word_1_104' title='bbox 876 1827 1048 1865; x_wconf 85' lang='lat' dir='ltr'><strong>ausus</strong></span> <span class='ocrx_word' id='word_1_105' title='bbox 1069 1819 1176 1880; x_wconf 80' lang='lat' dir='ltr'><strong>est,</strong></span> <span class='ocrx_word' id='word_1_106' title='bbox 1199 1808 1430 1884; x_wconf 84' lang='lat' dir='ltr'><strong>optimis</strong></span> <span class='ocrx_word' id='word_1_107' title='bbox 1459 1808 1730 1884; x_wconf 80' lang='lat' dir='ltr'><strong>auspiciis</strong></span> <span class='ocrx_word' id='word_1_108' title='bbox 1761 1820 1824 1870; x_wconf 86' lang='lat'><strong>15</strong></span> 
     </span>
     <span class='ocr_line' id='line_1_17' title="bbox 149 1903 1729 1981; baseline 0.003 -23"><span class='ocrx_word' id='word_1_109' title='bbox 149 1921 221 1960; x_wconf 83' lang='lat' dir='ltr'><strong>ea</strong></span> <span class='ocrx_word' id='word_1_110' title='bbox 262 1903 409 1979; x_wconf 88' lang='lat' dir='ltr'><strong>geri,</strong></span> <span class='ocrx_word' id='word_1_111' title='bbox 452 1922 578 1978; x_wconf 83' lang='lat' dir='ltr'><strong>quae</strong></span> <span class='ocrx_word' id='word_1_112' title='bbox 619 1923 721 1980; x_wconf 89' lang='lat' dir='ltr'><strong>pro</strong></span> <span class='ocrx_word' id='word_1_113' title='bbox 762 1904 1096 1980; x_wconf 82' lang='lat' dir='ltr'><strong>reipublicae</strong></span> <span class='ocrx_word' id='word_1_114' title='bbox 1137 1906 1321 1963; x_wconf 83' lang='lat' dir='ltr'><strong>salute</strong></span> <span class='ocrx_word' id='word_1_115' title='bbox 1361 1916 1729 1981; x_wconf 80' lang='lat' dir='ltr'><strong>gererentur3</strong></span> 
     </span>
     <span class='ocr_line' id='line_1_18' title="bbox 150 2001 1732 2076; baseline 0.001 -18"><span class='ocrx_word' id='word_1_116' title='bbox 150 2020 281 2075; x_wconf 81' lang='lat' dir='ltr'><strong>quae</strong></span> <span class='ocrx_word' id='word_1_117' title='bbox 325 2009 531 2058; x_wconf 88' lang='lat' dir='ltr'><strong>contra</strong></span> <span class='ocrx_word' id='word_1_118' title='bbox 567 2001 983 2076; x_wconf 85' lang='lat' dir='ltr'><strong>rempublicam</strong></span> <span class='ocrx_word' id='word_1_119' title='bbox 1026 2002 1329 2072; x_wconf 83' lang='lat' dir='ltr'><strong>ferrentur,</strong></span> <span class='ocrx_word' id='word_1_120' title='bbox 1359 2011 1566 2060; x_wconf 79' lang='lat' dir='ltr'><strong>contra</strong></span> <span class='ocrx_word' id='word_1_121' title='bbox 1607 2020 1732 2061; x_wconf 80' lang='lat' dir='ltr'><strong>aus·</strong></span> 
     </span>
     <span class='ocr_line' id='line_1_19' title="bbox 150 2096 1730 2174; baseline 0 -19"><span class='ocrx_word' id='word_1_122' title='bbox 150 2096 313 2173; x_wconf 87' lang='lat' dir='ltr'><strong>picia</strong></span> <span class='ocrx_word' id='word_1_123' title='bbox 340 2096 493 2155; x_wconf 85' lang='lat' dir='ltr'><strong>ferri.</strong></span> <span class='ocrx_word' id='word_1_124' title='bbox 576 2096 767 2155; x_wconf 84' lang='lat' dir='ltr'><strong>Multa</strong></span> <span class='ocrx_word' id='word_1_125' title='bbox 802 2097 864 2154; x_wconf 91' lang='lat' dir='ltr'><strong>in</strong></span> <span class='ocrx_word' id='word_1_126' title='bbox 892 2116 963 2154; x_wconf 89' lang='lat' dir='ltr'><strong>eo</strong></span> <span class='ocrx_word' id='word_1_127' title='bbox 990 2098 1114 2154; x_wconf 86' lang='lat' dir='ltr'><strong>viro</strong></span> <span class='ocrx_word' id='word_1_128' title='bbox 1141 2098 1420 2173; x_wconf 67' lang='lat' dir='ltr'><strong>praeclara</strong></span> <span class='ocrx_word' id='word_1_129' title='bbox 1446 2097 1730 2174; x_wconf 80' lang='lat' dir='ltr'><strong>eognovi3</strong></span> 
     </span>
     <span class='ocr_line' id='line_1_20' title="bbox 151 2176 1732 2269; baseline 0.001 -18"><span class='ocrx_word' id='word_1_130' title='bbox 151 2194 255 2251; x_wconf 87' lang='lat' dir='ltr'><strong>sed</strong></span> <span class='ocrx_word' id='word_1_131' title='bbox 302 2193 449 2251; x_wconf 84' lang='lat' dir='ltr'><strong>nihil</strong></span> <span class='ocrx_word' id='word_1_132' title='bbox 492 2202 579 2251; x_wconf 87' lang='lat' dir='ltr'><strong>est</strong></span> <span class='ocrx_word' id='word_1_133' title='bbox 622 2176 1046 2265; x_wconf 65' lang='lat' dir='ltr'><strong>admirabilius,¹</strong></span> <span class='ocrx_word' id='word_1_134' title='bbox 1084 2212 1256 2269; x_wconf 87' lang='lat' dir='ltr'><strong>quam</strong></span> <span class='ocrx_word' id='word_1_135' title='bbox 1300 2194 1592 2269; x_wconf 91' lang='lat' dir='ltr'><strong>quomodo</strong></span> <span class='ocrx_word' id='word_1_136' title='bbox 1635 2194 1732 2252; x_wconf 89' lang='lat' dir='ltr'><strong>ille</strong></span> 
     </span>
     <span class='ocr_line' id='line_1_21' title="bbox 152 2288 1826 2363; baseline 0.001 -16"><span class='ocrx_word' id='word_1_137' title='bbox 152 2300 401 2347; x_wconf 87' lang='lat' dir='ltr'><strong>mortem</strong></span> <span class='ocrx_word' id='word_1_138' title='bbox 450 2289 533 2348; x_wconf 93' lang='lat' dir='ltr'><strong>M.</strong></span> <span class='ocrx_word' id='word_1_139' title='bbox 572 2290 677 2348; x_wconf 84' lang='lat' dir='ltr'><strong>filii</strong></span> <span class='ocrx_word' id='word_1_140' title='bbox 726 2290 876 2362; x_wconf 91' lang='lat' dir='ltr'><strong>tulit,</strong></span> <span class='ocrx_word' id='word_1_141' title='bbox 928 2290 1072 2347; x_wconf 83' lang='lat' dir='ltr'><strong>clari</strong></span> <span class='ocrx_word' id='word_1_142' title='bbox 1112 2291 1238 2363; x_wconf 88' lang='lat' dir='ltr'><strong>viri,</strong></span> <span class='ocrx_word' id='word_1_143' title='bbox 1287 2301 1346 2348; x_wconf 88' lang='lat' dir='ltr'><strong>et</strong></span> <span class='ocrx_word' id='word_1_144' title='bbox 1393 2291 1728 2350; x_wconf 80' lang='lat' dir='ltr'><strong>consularis.</strong></span> <span class='ocrx_word' id='word_1_145' title='bbox 1761 2288 1826 2339; x_wconf 76' lang='lat'><strong>2⁰</strong></span> 
     </span>
     <span class='ocr_line' id='line_1_22' title="bbox 156 2380 1731 2466; baseline 0.001 -23"><span class='ocrx_word' id='word_1_146' title='bbox 156 2386 264 2443; x_wconf 80' lang='lat' dir='ltr'><strong>Est</strong></span> <span class='ocrx_word' id='word_1_147' title='bbox 318 2386 379 2444; x_wconf 90' lang='lat' dir='ltr'><strong>in</strong></span> <span class='ocrx_word' id='word_1_148' title='bbox 419 2387 689 2445; x_wconf 86' lang='lat' dir='ltr'><strong>manibus</strong></span> <span class='ocrx_word' id='word_1_149' title='bbox 728 2387 1016 2459; x_wconf 86' lang='lat' dir='ltr'><strong>laudati03</strong></span> <span class='ocrx_word' id='word_1_150' title='bbox 1062 2406 1233 2462; x_wconf 88' lang='lat' dir='ltr'><strong>quam</strong></span> <span class='ocrx_word' id='word_1_151' title='bbox 1279 2407 1415 2446; x_wconf 90' lang='lat' dir='ltr'><strong>cum</strong></span> <span class='ocrx_word' id='word_1_152' title='bbox 1461 2380 1731 2466; x_wconf 83' lang='lat' dir='ltr'><strong>legimus,</strong></span> 
     </span>
     <span class='ocr_line' id='line_1_23' title="bbox 156 2484 1732 2560; baseline 0.002 -20"><span class='ocrx_word' id='word_1_153' title='bbox 156 2502 329 2558; x_wconf 90' lang='lat' dir='ltr'><strong>quem</strong></span> <span class='ocrx_word' id='word_1_154' title='bbox 394 2484 799 2560; x_wconf 86' lang='lat' dir='ltr'><strong>philosophum</strong></span> <span class='ocrx_word' id='word_1_155' title='bbox 866 2504 984 2542; x_wconf 89' lang='lat' dir='ltr'><strong>non</strong></span> <span class='ocrx_word' id='word_1_156' title='bbox 1053 2486 1518 2545; x_wconf 70' lang='lat' dir='ltr'><strong>contemnimus?</strong></span> <span class='ocrx_word' id='word_1_157' title='bbox 1598 2486 1732 2544; x_wconf 90' lang='lat' dir='ltr'><strong>Nec</strong></span> 
     </span>
     <span class='ocr_line' id='line_1_24' title="bbox 156 2580 1732 2657; baseline 0.001 -20"><span class='ocrx_word' id='word_1_158' title='bbox 156 2600 291 2639; x_wconf 82' lang='lat' dir='ltr'><strong>vero</strong></span> <span class='ocrx_word' id='word_1_159' title='bbox 336 2580 433 2637; x_wconf 93' lang='lat' dir='ltr'><strong>ille</strong></span> <span class='ocrx_word' id='word_1_160' title='bbox 478 2580 537 2638; x_wconf 91' lang='lat' dir='ltr'><strong>in</strong></span> <span class='ocrx_word' id='word_1_161' title='bbox 581 2581 713 2639; x_wconf 87' lang='lat' dir='ltr'><strong>luce</strong></span> <span class='ocrx_word' id='word_1_162' title='bbox 756 2581 931 2640; x_wconf 91' lang='lat' dir='ltr'><strong>modo</strong></span> <span class='ocrx_word' id='word_1_163' title='bbox 976 2592 1145 2657; x_wconf 89' lang='lat' dir='ltr'><strong>atque</strong></span> <span class='ocrx_word' id='word_1_164' title='bbox 1189 2581 1250 2641; x_wconf 89' lang='lat' dir='ltr'><strong>in</strong></span> <span class='ocrx_word' id='word_1_165' title='bbox 1291 2583 1478 2641; x_wconf 76' lang='lat' dir='ltr'><strong>oculis</strong></span> <span class='ocrx_word' id='word_1_166' title='bbox 1517 2583 1732 2642; x_wconf 86' lang='lat' dir='ltr'><strong>civium</strong></span> 
     </span>
     <span class='ocr_line' id='line_1_25' title="bbox 155 2676 1730 2755; baseline -0.002 -20"><span class='ocrx_word' id='word_1_167' title='bbox 155 2697 435 2755; x_wconf 86' lang='lat' dir='ltr'><strong>magnus;</strong></span> <span class='ocrx_word' id='word_1_168' title='bbox 480 2678 581 2735; x_wconf 85' lang='lat' dir='ltr'><strong>sed</strong></span> <span class='ocrx_word' id='word_1_169' title='bbox 623 2678 777 2735; x_wconf 85' lang='lat' dir='ltr'><strong>intus</strong></span> <span class='ocrx_word' id='word_1_170' title='bbox 818 2678 1090 2753; x_wconf 87' lang='lat' dir='ltr'><strong>domique</strong></span> <span class='ocrx_word' id='word_1_171' title='bbox 1127 2680 1508 2754; x_wconf 61' lang='lat' dir='ltr'><strong>praestantior.</strong></span> <span class='ocrx_word' id='word_1_172' title='bbox 1603 2676 1730 2738; x_wconf 81' lang='lat' dir='ltr'><strong>Qui</strong></span> 
     </span>
     <span class='ocr_line' id='line_1_26' title="bbox 156 2773 1826 2855; baseline -0.002 -24"><span class='ocrx_word' id='word_1_173' title='bbox 156 2775 380 2832; x_wconf 86' lang='lat' dir='ltr'><strong>sermo!</strong></span> <span class='ocrx_word' id='word_1_174' title='bbox 424 2794 551 2849; x_wconf 82' lang='lat' dir='ltr'><strong>quae</strong></span> <span class='ocrx_word' id='word_1_175' title='bbox 578 2777 897 2851; x_wconf 80' lang='lat' dir='ltr'><strong>proecepta!</strong></span> <span class='ocrx_word' id='word_1_176' title='bbox 942 2785 1158 2850; x_wconf 87' lang='lat' dir='ltr'><strong>quanta</strong></span> <span class='ocrx_word' id='word_1_177' title='bbox 1195 2775 1404 2855; x_wconf 86' lang='lat' dir='ltr'><strong>notitia</strong></span> <span class='ocrx_word' id='word_1_178' title='bbox 1431 2773 1734 2848; x_wconf 76' lang='lat' dir='ltr'><strong>antiquita·-</strong></span> <span class='ocrx_word' id='word_1_179' title='bbox 1761 2777 1826 2828; x_wconf 74' lang='lat'><strong>25</strong></span> 
     </span>
     <span class='ocr_line' id='line_1_27' title="bbox 158 2871 1734 2949; baseline 0 -21"><span class='ocrx_word' id='word_1_180' title='bbox 158 2872 263 2929; x_wconf 85' lang='lat' dir='ltr'><strong>tis!</strong></span> <span class='ocrx_word' id='word_1_181' title='bbox 309 2890 437 2947; x_wconf 82' lang='lat' dir='ltr'><strong>quae</strong></span> <span class='ocrx_word' id='word_1_182' title='bbox 467 2872 711 2929; x_wconf 85' lang='lat' dir='ltr'><strong>scientia</strong></span> <span class='ocrx_word' id='word_1_183' title='bbox 744 2871 891 2948; x_wconf 87' lang='lat' dir='ltr'><strong>juris</strong></span> <span class='ocrx_word' id='word_1_184' title='bbox 920 2872 1180 2949; x_wconf 86' lang='lat' dir='ltr'><strong>augurii!</strong></span> <span class='ocrx_word' id='word_1_185' title='bbox 1222 2873 1418 2931; x_wconf 79' lang='lat' dir='ltr'><strong>multae</strong></span> <span class='ocrx_word' id='word_1_186' title='bbox 1445 2871 1640 2941; x_wconf 81' lang='lat' dir='ltr'><strong>etiam,</strong></span> <span class='ocrx_word' id='word_1_187' title='bbox 1669 2880 1734 2928; x_wconf 85' lang='lat' dir='ltr'><strong>ut</strong></span> 
     </span>
     <span class='ocr_line' id='line_1_28' title="bbox 159 2967 1734 3041; baseline 0 -16"><span class='ocrx_word' id='word_1_188' title='bbox 159 2968 220 3025; x_wconf 89' lang='lat' dir='ltr'><strong>in</strong></span> <span class='ocrx_word' id='word_1_189' title='bbox 273 2969 510 3026; x_wconf 86' lang='lat' dir='ltr'><strong>homine</strong></span> <span class='ocrx_word' id='word_1_190' title='bbox 564 2968 858 3040; x_wconf 81' lang='lat' dir='ltr'><strong>Romane,</strong></span> <span class='ocrx_word' id='word_1_191' title='bbox 912 2968 1128 3027; x_wconf 69' lang='lat' dir='ltr'><strong>literae:</strong></span> <span class='ocrx_word' id='word_1_192' title='bbox 1205 2969 1402 3041; x_wconf 84' lang='lat' dir='ltr'><strong>omnia</strong></span> <span class='ocrx_word' id='word_1_193' title='bbox 1453 2967 1734 3025; x_wconf 61' lang='lat' dir='ltr'><strong>memoria</strong></span> 
     </span>
    </p>
   </div>
   <div class='ocr_carea' id='block_1_3' title="bbox 156 3065 1738 3218">
    <p class='ocr_par' dir='ltr' id='par_1_6' title="bbox 156 3065 1738 3218">
     <span class='ocr_line' id='line_1_29' title="bbox 156 3065 1738 3139; baseline -0.001 -15"><span class='ocrx_word' id='word_1_194' title='bbox 156 3066 413 3139; x_wconf 81' lang='lat' dir='ltr'><strong>tenebat,</strong></span> <span class='ocrx_word' id='word_1_195' title='bbox 442 3084 561 3124; x_wconf 90' lang='lat' dir='ltr'><strong>non</strong></span> <span class='ocrx_word' id='word_1_196' title='bbox 590 3065 911 3124; x_wconf 86' lang='lat' dir='ltr'><strong>domestica</strong></span> <span class='ocrx_word' id='word_1_197' title='bbox 934 3067 1143 3138; x_wconf 78' lang='lat' dir='ltr'><strong>solum,</strong></span> <span class='ocrx_word' id='word_1_198' title='bbox 1171 3066 1274 3123; x_wconf 78' lang='lat' dir='ltr'><strong>sed</strong></span> <span class='ocrx_word' id='word_1_199' title='bbox 1300 3066 1474 3123; x_wconf 84' lang='lat' dir='ltr'><strong>etiam</strong></span> <span class='ocrx_word' id='word_1_200' title='bbox 1500 3072 1738 3123; x_wconf 84' lang='lat' dir='ltr'><strong>externa</strong></span> 
     </span>
     <span class='ocr_line' id='line_1_30' title="bbox 634 3162 675 3218; baseline 0 0"><span class='ocrx_word' id='word_1_201' title='bbox 634 3162 675 3218; x_wconf 81' lang='lat'><strong>2</strong></span> 
     </span>
    </p>
   </div>
   <div class='ocr_carea' id='block_1_4' title="bbox 5 3133 22 3160">
    <p class='ocr_par' dir='ltr' id='par_1_7' title="bbox 5 3133 22 3160">
     <span class='ocr_line' id='line_1_31' title="bbox 5 3133 22 3160; baseline 0 0"><span class='ocrx_word' id='word_1_202' title='bbox 5 3133 22 3160; x_wconf 59' lang='lat' dir='ltr'><em>b</em></span> 
     </span>
    </p>
   </div>
  </div>
 </body>
</html>
