2084 3517
467 295 739 356 LAELmS,
771 296 918 343 sm:
958 296 1046 345 nr:
1080 296 1392 367 Amorum
1713 282 1790 342 ⁷1

205 442 321 503 IX.
403 444 583 507 Quod
614 445 665 503 si
690 456 852 503 tanta
877 447 961 503 vis
984 448 1288 522 probitatis
1321 456 1428 519 est,
1457 454 1522 504 ut
1551 462 1700 519 eam,

128 542 216 599 vel
274 542 339 598 in
394 541 479 599 eis
533 562 677 616 quos
724 562 1017 616 nunquam
1064 543 1326 615 vidimus,
1373 543 1462 600 vel
1521 542 1702 619 (quod

127 638 319 715 majus
360 627 475 718 est)
515 639 575 695 in
618 638 781 696 hoste
822 639 1017 709 etiam,
1047 638 1382 715 diligamus3
1426 640 1563 714 quid
1600 639 1704 695 mi-

128 754 280 806 rum,
313 734 361 791 si
394 735 569 792 animi
611 735 906 792 hominum
936 746 1290 807 moveantur,
1321 754 1450 793 cum
1477 754 1699 808 eorum,

128 832 479 905 quibuscum
508 851 615 889 usu
648 832 945 907 conjuncti
985 850 1113 887 esse
1151 842 1409 906 possunt,
1437 832 1700 891 virtutem
1731 844 1766 893 5

131 937 190 984 et
230 927 552 985 bonitatem
580 928 905 1003 perspicere
934 928 1272 985 videantur?
1351 927 1702 1003 Quanquam

132 1024 507 1081 confirmatur
536 1042 693 1081 amor
731 1034 791 1081 et
824 1024 1110 1081 beneficio
1141 1034 1400 1099 accepto,
1429 1033 1488 1080 et
1513 1024 1704 1081 studio

128 1130 459 1196 perspecto,
514 1130 572 1175 et
625 1120 1044 1199 consuetudine
1113 1120 1428 1197 adjuncti:
1497 1120 1704 1194 quibus

133 1217 307 1273 rebus
351 1216 422 1273 ad
466 1216 625 1273 illum
657 1216 904 1291 primum
932 1228 1151 1274 motum
1181 1217 1356 1275 animi
1395 1226 1454 1274 et
1495 1216 1704 1275 amoris

133 1312 429 1383 adhibitis,
454 1313 801 1370 admirabilis
830 1314 1086 1387 quoedam
1115 1313 1435 1370 exardescit
1463 1314 1707 1370 benevo-
1738 1321 1800 1371 10

131 1410 323 1467 lentiae
368 1410 740 1485 magnitud03
792 1428 963 1483 quam
1003 1409 1054 1466 si
1095 1410 1192 1483 qui
1236 1418 1440 1483 putant
1488 1410 1559 1465 ab
1607 1408 1708 1465 im-

133 1506 450 1563 becillitate
501 1505 815 1580 proficisci,
857 1514 919 1562 ut
968 1504 1060 1573 sit,
1101 1522 1201 1578 per
1249 1522 1420 1576 quem
1468 1503 1708 1576 quisque

135 1611 492 1675 assequatur,
522 1600 676 1674 quod
706 1600 1029 1669 desideret3
1075 1599 1347 1655 humilem
1375 1618 1512 1655 sane
1539 1598 1710 1654 relin-

134 1707 339 1773 quunt,
388 1706 447 1753 et
500 1698 737 1753 minime
791 1714 1133 1773 generosum
1186 1694 1280 1773 (ut
1334 1695 1415 1753 ita
1466 1695 1705 1775 dicam),

134 1805 327 1853 ortum
356 1794 643 1865 amicitiae,
667 1813 839 1868 quam
867 1813 939 1851 ex
966 1793 1164 1868 inopia
1193 1804 1362 1867 atque
1391 1792 1709 1869 indigentia
1741 1798 1802 1847 15

136 1901 333 1949 natam
362 1891 575 1948 volunt.

212 1987 400 2049 Quod
430 1987 478 2043 si
512 1987 593 2045 ita
628 1996 781 2045 esset
809 2007 823 2056 ;
865 1996 937 2065 'ut
964 1987 1206 2060 quisque
1232 1986 1532 2042 minimum
1561 1985 1620 2041 in
1649 2002 1710 2041 se

136 2102 265 2141 esse
311 2083 698 2154 arbitraretur,
738 2083 819 2140 ita
860 2082 930 2139 ad
974 2082 1288 2139 amicitiam
1316 2090 1466 2137 esset
1495 2078 1715 2154 aptissi-

134 2199 265 2237 mus
299 2198 311 2235 :
356 2179 509 2253 quod
550 2179 725 2254 longe
765 2197 933 2235 secus
973 2186 1076 2234 est.
1160 2176 1237 2233 Ut
1278 2176 1434 2233 enim
1474 2175 1714 2251 quisque

135 2276 250 2333 sibi
298 2275 609 2350 plurimum
656 2274 916 2345 confidit,
966 2284 1023 2331 et
1071 2284 1134 2331 ut
1181 2274 1420 2347 quisque
1467 2272 1712 2331 maxime
1741 2282 1806 2332 20

136 2373 350 2429 virtute
404 2381 463 2429 et
516 2372 799 2447 sapientia
852 2372 939 2428 sic
986 2371 1244 2428 munitus
1290 2380 1395 2443 est,
1443 2380 1508 2429 ut
1553 2371 1714 2429 nullo

136 2478 328 2544 egeat,
372 2487 587 2542 suaque
627 2468 824 2525 omnia
864 2468 921 2523 in
965 2487 1027 2523 se
1069 2467 1192 2541 ipso
1232 2467 1420 2543 posita
1452 2468 1710 2544 judicet3

138 2564 221 2620 ita
262 2564 323 2619 in
368 2563 639 2621 amicitiis
678 2563 1013 2638 expetendis
1053 2563 1427 2637 colendisque
1469 2562 1714 2620 maxime

138 2660 388 2717 excellit.
471 2659 637 2721 Quid
685 2660 839 2717 enim
890 2660 1206 2717 Africanus
1252 2659 1516 2734 indigens
1557 2654 1714 2711 mei?

138 2755 410 2827 Minime,
455 2756 648 2813 hercle
680 2777 693 2813 :
739 2776 807 2813 ac
846 2775 922 2813 ne
960 2775 1073 2831 ego
1112 2756 1342 2830 quidem
1385 2753 1571 2809 illius:
1614 2749 1714 2806 sed
1744 2756 1810 2807 25

140 2870 253 2929 ego
284 2851 663 2909 admiratione
692 2852 939 2925 quadam
980 2850 1206 2906 virtutis
1246 2849 1387 2924 ejus,
1419 2846 1512 2901 ille
1553 2843 1720 2900 vicis-

142 2949 251 3005 sim
308 2947 579 3023 opinione
622 2947 861 3004 fortasse
908 2945 1208 3015 nonnulla,
1251 2960 1422 3017 quam
1462 2940 1534 2995 de
1575 2940 1720 2999 meis

142 3046 401 3105 moribus
448 3043 715 3115 habebat,
760 3062 855 3101 me
898 3040 1134 3099 dilexit:
1179 3038 1334 3097 auxit
1380 3037 1720 3095 benevolen-
