2084 3517
314 324 395 383 86
716 334 989 392 LAELmS,
1026 333 1176 380 srvi:
1213 333 1302 381 m:
1347 333 1660 380 Amor-ru.

404 483 519 562 cst)
552 482 621 540 ad
662 480 973 539 tollendam
1004 481 1318 539 amicitiam
1345 481 1512 540 val-et.
1593 477 1748 538 Illud
1789 478 1984 556 potius

402 579 849 655 praecipiendum
891 578 1018 651 fuit,
1048 588 1112 636 ut
1138 597 1266 636 eam
1293 577 1652 655 diligentiam
1682 576 1983 634 adhibere-

402 695 531 732 mus
596 675 655 732 in
724 674 995 732 amicitiis
1061 675 1483 750 comparandis,
1540 683 1606 730 ut
1669 672 1981 747 nequando

403 789 593 828 amare
635 769 1019 846 inciperemus
1059 791 1212 843 eum,
1241 789 1412 846 quem
1455 770 1762 846 aliquando
1789 769 1980 826 odisse

338 875 373 923 5
398 885 713 943 possemus,
792 867 1157 939 Quinetiam,
1203 867 1470 924 siminus
1497 866 1696 923 felices
1738 865 1804 924 in
1847 865 1980 922 deli-

399 964 591 1040 gendo
652 964 973 1035 fuissemus,
1031 963 1329 1021 ferendum
1383 963 1442 1019 id
1507 961 1711 1037 Scipio
1764 961 1976 1038 ροῐίιιε,

400 1079 570 1134 quam
637 1059 1074 1118 inimicitiarum
1137 1069 1364 1136 tempus
1429 1057 1828 1135 cogitandum,
1881 1075 1977 1134 pu-

400 1157 573 1214 tabat.

477 1349 675 1407 XVII.
721 1349 832 1406 His
861 1349 1035 1427 igitur
1064 1349 1272 1406 finibus
1300 1350 1576 1407 utendum
1607 1347 1870 1419 arbitror,
1894 1356 1968 1418 ut,

308 1457 370 1506 10
398 1465 533 1503 cum
578 1445 866 1504 emendati
920 1465 1110 1504 mores
1165 1446 1480 1503 amicorum
1535 1445 1668 1515 sint,
1724 1454 1850 1502 tum
1903 1444 1970 1500 sit

398 1543 546 1606 inter
586 1561 688 1599 eos
728 1543 984 1600 omnium
1024 1561 1238 1613 rerum,
1281 1540 1675 1611 consiliorum,
1717 1540 1970 1596 volunta-

397 1647 540 1708 tum,
558 1638 683 1694 sine
712 1637 829 1694 ulla
850 1638 1213 1712 exceptione,
1237 1637 1648 1706 communitas;
1693 1646 1777 1707 ut,
1801 1635 1967 1693 etiam

396 1731 445 1787 si
472 1733 586 1805 qua
628 1732 858 1789 fortuna
902 1733 1200 1802 acciderit,
1231 1743 1294 1790 ut
1335 1733 1526 1790 minus
1562 1732 1731 1809 justae
1763 1732 1970 1790 amico-

394 1844 523 1883 rum
550 1827 872 1884 voluntates
914 1827 1246 1902 adjuvandae
1283 1829 1416 1899 sint,
1447 1829 1508 1886 in
1536 1828 1746 1904 quibus
1771 1847 1968 1886 eorum

304 1937 367 1984 15
398 1933 493 1980 aut
531 1933 704 1998 caput
747 1934 944 2000 agatur
988 1934 1086 1981 aut
1127 1924 1296 1996 sama,
1335 1925 1744 1982 declinandum
1786 1926 1860 1983 sit
1897 1925 1966 1982 de

394 2019 506 2091 via,
550 2021 721 2077 modo
762 2039 837 2077 ,ie
876 2039 1102 2078 summa
1153 2021 1448 2096 turpitudo
1495 2032 1782 2095 sequatur.
1863 2021 1964 2079 Est

393 2116 569 2188 enim,
598 2117 881 2192 quatenus
910 2117 1180 2174 amicitiae
1207 2117 1332 2174 dari
1363 2118 1530 2174 venia
1554 2118 1755 2192 possit.
1835 2117 1895 2175 N
1898 2137 1962 2175 ec

390 2231 527 2268 vero
567 2212 917 2288 negligenda
953 2224 1041 2270 est
1083 2214 1266 2270 fama:
1309 2233 1422 2271 nec
1462 2213 1756 2272 mediocre
1789 2215 1959 2272 telum

394 2307 465 2364 ad
492 2326 584 2364 res
612 2310 893 2384 gerendas
920 2310 1246 2366 existimare
1267 2320 1489 2386 oportet
1512 2311 1956 2368 benevolentiam

299 2415 363 2464 20
391 2403 635 2473 civium3
679 2423 849 2478 quam
877 2406 1168 2463 blanditiis
1207 2416 1266 2463 et
1309 2406 1664 2464 assentando
1693 2407 1956 2484 colligere

388 2509 554 2575 turpe
582 2510 685 2556 est.
753 2501 972 2573 Virtus,
996 2521 1168 2576 quam
1195 2503 1452 2578 sequitur
1474 2503 1704 2574 caritas,
1727 2503 1952 2561 minime

387 2597 745 2672 repudianda
772 2607 873 2654 est.

468 2693 585 2749 Sed
626 2711 775 2768 saepe
806 2692 1046 2769 (etenim
1087 2695 1262 2752 redeo
1303 2695 1373 2750 ad
1415 2694 1770 2770 Scipionem,
1797 2694 1950 2772 cujus

386 2789 576 2846 omnis
616 2808 803 2848 sermo
830 2799 953 2846 erat
992 2790 1068 2846 de
1097 2789 1380 2870 amicitia)
1415 2792 1776 2865 querebatur,
1805 2792 1948 2866 quod

295 2882 359 2932 25
384 2885 651 2941 omnibus
682 2885 739 2941 in
776 2885 948 2942 rebus
991 2885 1256 2942 homines
1295 2886 1690 2962 diligentiores
1731 2897 1942 2957 essent3

386 2990 450 3034 ut
492 3000 693 3056 capras
733 2992 790 3040 et
833 3001 969 3039 oves
1012 2992 1152 3056 quot
1195 2982 1436 3058 quisque
1480 2983 1736 3056 haberet,
1762 2984 1945 3042 dicere

383 3087 609 3149 posset;
654 3079 870 3139 amicos
896 3089 1037 3156 quot
1065 3079 1321 3152 haberet,
1349 3098 1468 3138 non
1507 3090 1701 3157 posset
1727 3081 1940 3142 dicere:

2020 3359 2040 3486 A
