2084 3517
276 286 360 348 ‘1⁸
684 302 961 362 mama
997 304 1148 351 srvn
1185 304 1274 351 m:
1311 302 1624 351 men-u.

372 467 527 509 arem
555 450 731 508 fuisse
754 451 868 528 (sic
910 471 944 510 a
984 451 1243 527 patribus
1287 450 1662 527 accepimus),
1697 447 1791 506 bis
1817 444 1952 505 una

370 547 653 619 consules,
682 558 740 604 et
766 547 1019 625 collegas
1047 549 1107 604 in
1135 548 1412 604 censura:
1451 556 1574 602 tum
1600 555 1658 601 et
1679 563 1817 601 cum
1845 544 1948 614 iis,

371 654 431 701 et
450 644 597 700 inter
622 662 705 714 se,
748 643 1251 719 conjunctissimos
1278 642 1452 699 fuisse
1479 640 1562 696 Μ’
1593 640 1842 697 Curium
1885 648 1949 694 et

370 738 469 797 Ti.
498 739 952 810 Coruncanium,
994 739 1284 795 memoriae
1321 737 1606 812 proditum
1635 745 1740 791 est.
1825 734 1951 811 Igi-

308 842 345 891 5
370 843 463 892 tur
508 853 583 891 ne
624 836 903 911 suspicari
944 836 1176 909 quidem
1227 852 1543 909 possumuS,
1591 848 1946 907 quemquam

371 930 577 988 horum
630 932 703 989 ab
758 932 944 989 amico
996 930 1288 1006 quidpiam
1340 928 1724 998 contendisse,
1781 926 1946 1002 quod
2039 1002 2041 1009 Ι

370 1036 577 1084 contra
610 1026 800 1097 fidem,
843 1036 1047 1083 contra
1085 1025 1501 1102 jusjurandum,
1549 1034 1754 1080 contra
1793 1040 1948 1079 rem·
2039 1012 2041 1029 '

369 1122 663 1197 publicam
708 1131 874 1178 esset.
956 1121 1114 1178 Nam
1162 1122 1278 1178 hoc
1327 1120 1558 1196 quidem
1611 1120 1670 1176 in
1723 1118 1946 1176 talibus
2040 1152 2041 1169 2

369 1217 507 1273 viris
542 1216 679 1291 quid
718 1217 921 1274 attinet
957 1217 1172 1288 dicere,
1213 1224 1254 1251 “
1271 1216 1338 1274 Si
1365 1215 1776 1286 contendisset,
1816 1214 1946 1271 scio

278 1319 343 1371 10
370 1311 799 1387 impetraturum
838 1332 957 1369 non
998 1313 1176 1370 fuisse
1193 1315 1220 1369 ‘l
1237 1315 1271 1341 ”
1313 1331 1448 1371 curn
1475 1312 1558 1369 illi
1586 1309 1944 1368 sanctissimi

367 1407 475 1465 viri
502 1408 749 1479 fuerint3
792 1427 951 1483 mque
980 1419 1170 1466 autem
1197 1408 1358 1465 nefas
1377 1408 1470 1479 sit,
1497 1408 1612 1463 tale
1635 1405 1850 1482 aliquid
1879 1415 1942 1461 et

368 1502 558 1562 facere
598 1514 882 1582 rogatum,
920 1514 979 1561 et
1017 1522 1238 1581 rogare.
1326 1504 1408 1561 At
1449 1520 1584 1559 vero
1617 1502 1714 1559 Ti.
1753 1502 1940 1558 Grac-
2040 1508 2041 1521 ¹

366 1599 543 1657 chum
578 1601 960 1676 sequebantur
989 1601 1058 1657 G.
1090 1599 1302 1670 Car-bc,
1341 1598 1409 1656 C.
1440 1599 1609 1669 Cato,
1649 1607 1707 1654 et
1740 1595 1938 1673 [mini-

364 1695 519 1773 mus]
548 1704 670 1751 tum
698 1695 928 1769 quidem
956 1695 1136 1751 Caius
1163 1696 1354 1767 frater,
1395 1714 1556 1751 nunc
1594 1693 1747 1751 idem
1777 1711 1937 1750 acer-

276 1794 337 1845 15
364 1787 556 1847 rimus.

442 1979 580 2037 XII.
664 1980 811 2039 Haec
840 1982 1013 2059 igitur
1039 1982 1134 2039 lex
1161 1981 1220 2039 in
1251 1981 1505 2039 amicitia
1527 1980 1837 2051 sanciatur,
1869 1988 1932 2036 ut

362 2092 551 2150 neque
578 2094 842 2153 rogemus
868 2096 961 2133 res
990 2087 1205 2152 turpes,
1249 2096 1362 2133 nec
1405 2077 1683 2134 faciamus
1721 2075 1932 2152 rogati.

363 2169 581 2245 Turpis
606 2171 761 2228 enim
788 2174 1084 2229 excusatio
1111 2183 1217 2243 est,
1241 2183 1299 2229 et
1315 2172 1550 2229 minime
1569 2170 1931 2246 accipienda,

365 2282 499 2321 cum
527 2266 589 2322 iu
616 2268 837 2324 caeteris
862 2268 1144 2342 peccatis;
1176 2278 1296 2324 tum
1327 2268 1374 2324 si
1403 2267 1530 2343 quis
1555 2277 1762 2324 contra
1785 2284 1934 2323 rem-

272 2370 336 2421 20
361 2359 651 2435 publicam
696 2380 757 2417 se
802 2364 971 2419 amici
1012 2364 1189 2420 causi?⁴
1218 2363 1424 2420 fecisse
1450 2363 1710 2421 fateatur.
1795 2362 1932 2419 Ete-

363 2454 483 2511 nim
510 2472 581 2511 eo
609 2455 758 2526 loco,
802 2457 989 2515 Fanni
1010 2469 1069 2515 et
1097 2458 1376 2527 Scoevola,
1416 2458 1592 2515 locati
1620 2476 1836 2527 sumus,
1868 2466 1929 2513 ut

362 2567 472 2608 nos
497 2550 670 2627 longe
694 2552 1023 2625 prospicere
1065 2564 1326 2629 oporteat
1367 2552 1586 2611 futuros
1625 2571 1796 2610 casus
1823 2552 1930 2609 rei·

360 2645 622 2721 publicae.
726 2646 976 2703 Deflexit
1018 2648 1174 2704 enim
1230 2648 1348 2723 jam
1395 2648 1808 2722 aliquantulum
1857 2646 1928 2702 de

362 2742 545 2817 spatio
594 2742 995 2817 curriculoque
1039 2744 1393 2801 consuetudo
1449 2744 1744 2819 majorum.
1827 2741 1923 2799 Ti.

270 2836 335 2887 25
361 2835 661 2895 Gracchus
677 2856 917 2913 regnum
934 2857 1220 2913 occupare
1237 2849 1478 2895 conatus
1499 2849 1604 2908 est,
1622 2838 1707 2895 vel
1728 2856 1926 2914 regna-

362 2929 443 2985 vit
470 2930 517 2987 is
543 2932 769 3006 quidem
798 2952 1014 3007 paucos
1055 2952 1294 2991 menses,
1377 2933 1534 2991 Num
1567 2934 1702 3009 quid
1740 2932 1926 2990 simile

360 3024 603 3099 populus
643 3027 941 3087 Romanus
970 3029 1245 3101 audierat,
1291 3040 1388 3089 aut
1413 3029 1670 3087 viderat?
1727 3027 1923 3099 Hunc,
