2084 3517
203 232 284 292 20
789 240 964 287 CATO
1003 238 1235 298 MAJOR,
1264 239 1389 288 SEU
1440 279 1443 286 .

298 389 609 449 fructibus:
652 409 993 466 quamquam
1021 390 1082 450 in
1118 390 1232 448 illis
1256 390 1449 449 minus
1474 389 1588 448 hoc
1614 388 1860 448 mirum:

294 505 466 544 nemo
507 487 660 543 enim
699 496 786 544 est
825 497 942 545 tam
983 505 1178 559 senex,
1220 487 1317 562 qui
1358 506 1421 544 ne
1474 505 1687 546 annum
1740 505 1863 544 non

293 593 455 658 putet
491 601 659 659 posse
699 583 921 640 vivere:
965 584 1067 640 sed
1108 584 1283 641 iidem
1324 583 1620 640 elaborant
1651 583 1713 640 in
1752 583 1862 655 eie,

294 697 420 753 quoe
447 679 638 737 sciunt
664 679 808 736 nihil
837 681 1073 738 omnino
1104 680 1174 737 ad
1200 698 1263 736 se
1287 679 1593 756 pertinere.

227 893 262 942 5
430 889 462 916 “
479 887 612 936 Serit
631 888 844 952 arbores,
865 903 974 952 quae
995 886 1139 936 alteri
1160 887 1345 936 saeculo
1365 885 1607 949 prosint,”

289 1074 354 1122 ut
396 1065 474 1122 ait
515 1066 734 1124 Statius
759 1075 954 1123 noster
993 1057 1054 1122 in
1093 1063 1466 1141 Synephebis,
1548 1062 1683 1120 Nec
1720 1080 1861 1120 vero

291 1160 514 1217 dubitet
555 1162 828 1238 agricola,
870 1161 1129 1236 quamvis
1183 1179 1377 1232 senex,
1421 1159 1717 1234 quaerenti,
1761 1159 1861 1216 cui

289 1265 460 1328 serat,
502 1257 880 1333 respondere:
925 1263 963 1290 “
982 1257 1113 1314 Diis
1154 1256 1593 1328 immortalibUS,
1622 1255 1723 1329 qui
1764 1274 1861 1313 me

289 1371 407 1409 non
451 1353 714 1429 accipere
753 1353 927 1411 modo
968 1354 1095 1411 haec
1124 1373 1159 1411 a
1196 1353 1507 1430 majoribus
1534 1352 1859 1424 voluerunt,

200 1457 259 1506 10
289 1450 390 1507 sed
419 1449 592 1508 etiam
619 1450 864 1526 posteris
889 1450 1190 1527 prodere.”

365 1641 530 1698 vm.
613 1640 828 1698 Melius
854 1641 1131 1700 caecilius
1158 1642 1231 1698 de
1270 1660 1409 1699 sene
1439 1601 1601 1698 alteri
1643 1640 1859 1697 saeculo

287 1734 694 1811 prospiciente,
725 1755 894 1810 quam
925 1736 1067 1794 illud
1096 1736 1282 1793 idem:
1908 1735 1913 1738 ’

349 1909 381 1937 “
399 1906 624 1970 Edepol,
646 1913 896 1970 senectus,
917 1907 959 1956 si
980 1907 1108 1956 nihil
1130 1908 1395 1971 quidquam
1416 1908 1552 1957 aliud
1573 1908 1683 1957 vitii

403 1987 650 2050 Apportes
669 1994 856 2048 tecum,
877 2003 996 2036 cum
1017 1988 1253 2048 adveni„
1287 2003 1445 2038 unum
1469 1989 1520 2037 id
1542 1993 1621 2036 sat
1639 1995 1734 2048 est,

200 2077 258 2126 15
404 2067 571 2130 Quod,
592 2067 677 2116 diu
699 2067 932 2130 vivendo,
952 2068 1129 2130 multa,
1151 2081 1261 2131 qum
1282 2083 1385 2116 non
1406 2068 1534 2130 vult,
1555 2067 1742 2116 videt.’'

201 2219 209 2227 “
241 2227 368 2296 =‚Et
395 2228 575 2285 multa
601 2227 859 2300 fortasse,
883 2247 1009 2303 quae
1036 2227 1190 2285 vult:
1222 2237 1391 2302 atque
1420 2227 1481 2284 in
1508 2245 1579 2284 ea
1604 2226 1855 2301 quidem,

289 2343 416 2400 quae
455 2342 575 2381 non
603 2324 742 2397 vult,
771 2343 922 2400 saepe
961 2324 1136 2382 etiam
1166 2323 1556 2381 adolescentia
1595 2323 1853 2380 incurrit.

289 2419 460 2476 Illud‘
475 2437 606 2477 vero
632 2419 784 2477 idem
813 2419 1089 2477 Caecilius
1114 2418 1408 2476 vitiosius:

352 2631 384 2660 “
399 2627 536 2677 Tum
555 2628 786 2691 equidem
807 2628 862 2676 in
883 2629 1087 2676 senecta
1108 2628 1202 2676 hoc
1219 2628 1403 2691 deputo
1424 2627 1776 2689 misen-imum,

195 2703 260 2752 20
401 2707 618 2771 sentire,
637 2709 698 2757 ea
719 2715 863 2757 etate
885 2723 992 2756 esse
1013 2723 1070 2756 se
1092 2709 1319 2757 odiosum
1338 2707 1533 2758 alteri.''

291 2886 330 2944 J
333 2888 626 2946 ucundum
691 2887 902 2964 potius,
958 2907 1131 2963 quam
1196 2887 1479 2947 odiosum.
1558 2886 1639 2945 Ut
1704 2885 1855 2944 enim

293 2981 756 3044 adolescentibus
809 2985 965 3043 bona
1018 2985 1214 3044 indole
1265 2985 1521 3062 praeditis
1572 2979 1856 3061 sapientes
